{"results":[{"displayVolume":"500g","priceNoUnit":"36,90","priceUnit":"kr/st","outOfStock":false,"productLine2":"Classic, 500g","pickupProductLine2":"Classic, 500g","online":true,"code":"100002676_ST","priceValue":36.9,"price":"36,90 kr","ranking":0,"thumbnail":{"imageType":"PRIMARY","format":"thumbnail","url":"https://d2rfo6yapuixuu.cloudfront.net/h19/hc5/8853986607134/7310760012896.jpg_master_axfood_100","altText":null,"galleryIndex":null,"width":null},"manufacturer":"Classic","comparePriceUnit":"kg","image":{"imageType":"PRIMARY","format":"product","url":"https://d2rfo6yapuixuu.cloudfront.net/h18/hc8/8853986541598/7310760012896.jpg_master_axfood_300","altText":null,"galleryIndex":null,"width":null},"potentialPromotions":[],"depositPrice":"","averageWeight":null,"incrementValue":1,"comparePrice":"73,80 kr","productBasketType":{"code":"ST","type":"ProductBasketTypeEnum"},"isDrugProduct":false,"savingsAmount":null,"labels":[],"name":"Mellanrost Bryggkaffe"},{"displayVolume":"500g","priceNoUnit":"36,90","priceUnit":"kr/st","outOfStock":false,"productLine2":"Classic, 500g","pickupProductLine2":"Classic, 500g","online":true,"code":"100467228_ST","priceValue":36.9,"price":"36,90 kr","ranking":0,"thumbnail":{"imageType":"PRIMARY","format":"thumbnail","url":"https://d2rfo6yapuixuu.cloudfront.net/hfe/h57/8854759866398/7310760012315.jpg_master_axfood_100","altText":null,"galleryIndex":null,"width":null},"manufacturer":"Classic","comparePriceUnit":"kg","image":{"imageType":"PRIMARY","format":"product","url":"https://d2rfo6yapuixuu.cloudfront.net/had/h58/8854759800862/7310760012315.jpg_master_axfood_300","altText":null,"galleryIndex":null,"width":null},"potentialPromotions":[],"depositPrice":"","averageWeight":null,"incrementValue":1,"comparePrice":"73,80 kr","productBasketType":{"code":"ST","type":"ProductBasketTypeEnum"},"isDrugProduct":false,"savingsAmount":null,"labels":[],"name":"Gran Dia Mellanmörk Bryggkaffe"},{"displayVolume":"500g","priceNoUnit":"36,90","priceUnit":"kr/st","outOfStock":false,"productLine2":"Classic, 500g","pickupProductLine2":"Classic, 500g","online":true,"code":"100030869_ST","priceValue":36.9,"price":"36,90 kr","ranking":0,"thumbnail":{"imageType":"PRIMARY","format":"thumbnail","url":"https://d2rfo6yapuixuu.cloudfront.net/hd8/ha1/8854023831582/7310760012902.jpg_master_axfood_100","altText":null,"galleryIndex":null,"width":null},"manufacturer":"Classic","comparePriceUnit":"kg","image":{"imageType":"PRIMARY","format":"product","url":"https://d2rfo6yapuixuu.cloudfront.net/hc7/h9e/8854023766046/7310760012902.jpg_master_axfood_300","altText":null,"galleryIndex":null,"width":null},"potentialPromotions":[],"depositPrice":"","averageWeight":null,"incrementValue":1,"comparePrice":"73,80 kr","productBasketType":{"code":"ST","type":"ProductBasketTypeEnum"},"isDrugProduct":false,"savingsAmount":null,"labels":[],"name":"Franskrost Extra Mörk Bryggkaffe"},{"displayVolume":"500g","priceNoUnit":"36,90","priceUnit":"kr/st","outOfStock":false,"productLine2":"Classic, 500g","pickupProductLine2":"Classic, 500g","online":true,"code":"100002738_ST","priceValue":36.9,"price":"36,90 kr","ranking":0,"thumbnail":{"imageType":"PRIMARY","format":"thumbnail","url":"https://d2rfo6yapuixuu.cloudfront.net/h9b/hbd/8853986869278/7310760012919.jpg_master_axfood_100","altText":null,"galleryIndex":null,"width":null},"manufacturer":"Classic","comparePriceUnit":"kg","image":{"imageType":"PRIMARY","format":"product","url":"https://d2rfo6yapuixuu.cloudfront.net/h4a/hbe/8853986803742/7310760012919.jpg_master_axfood_300","altText":null,"galleryIndex":null,"width":null},"potentialPromotions":[],"depositPrice":"","averageWeight":null,"incrementValue":1,"comparePrice":"73,80 kr","productBasketType":{"code":"ST","type":"ProductBasketTypeEnum"},"isDrugProduct":false,"savingsAmount":null,"labels":[],"name":"Svea Mellanmörk Bryggkaffe"},{"displayVolume":"500g","priceNoUnit":"36,90","priceUnit":"kr/st","outOfStock":false,"productLine2":"Classic, 500g","pickupProductLine2":"Classic, 500g","online":true,"code":"100467219_ST","priceValue":36.9,"price":"36,90 kr","ranking":0,"thumbnail":{"imageType":"PRIMARY","format":"thumbnail","url":"https://d2rfo6yapuixuu.cloudfront.net/h7d/h5f/8854759604254/7310760012308.jpg_master_axfood_100","altText":null,"galleryIndex":null,"width":null},"manufacturer":"Classic","comparePriceUnit":"kg","image":{"imageType":"PRIMARY","format":"product","url":"https://d2rfo6yapuixuu.cloudfront.net/h8e/h62/8854759538718/7310760012308.jpg_master_axfood_300","altText":null,"galleryIndex":null,"width":null},"potentialPromotions":[],"depositPrice":"","averageWeight":null,"incrementValue":1,"comparePrice":"73,80 kr","productBasketType":{"code":"ST","type":"ProductBasketTypeEnum"},"isDrugProduct":false,"savingsAmount":null,"labels":[],"name":"Festivita Extra Mörkrost Bryggkaffe"},{"displayVolume":"500g","priceNoUnit":"36,90","priceUnit":"kr/st","outOfStock":false,"productLine2":"Classic, 500g","pickupProductLine2":"Classic, 500g","online":true,"code":"101207263_ST","priceValue":36.9,"price":"36,90 kr","ranking":0,"thumbnail":{"imageType":"PRIMARY","format":"thumbnail","url":"https://d2rfo6yapuixuu.cloudfront.net/h6a/h11/8892949397534/07310760012629.jpg_1484667329992_master_axfood_100","altText":null,"galleryIndex":null,"width":null},"manufacturer":"Classic","comparePriceUnit":"kg","image":{"imageType":"PRIMARY","format":"product","url":"https://d2rfo6yapuixuu.cloudfront.net/h29/h15/8892949266462/07310760012629.jpg_1484667329992_master_axfood_300","altText":null,"galleryIndex":null,"width":null},"potentialPromotions":[],"depositPrice":"","averageWeight":null,"incrementValue":1,"comparePrice":"73,80 kr","productBasketType":{"code":"ST","type":"ProductBasketTypeEnum"},"isDrugProduct":false,"savingsAmount":null,"labels":[],"name":"Sommar Rio Mellanrost Bryggkaffe"},{"displayVolume":"1kg","priceNoUnit":"126,00","priceUnit":"kr/st","outOfStock":false,"productLine2":"Caffé Musetti, 1kg","pickupProductLine2":"Caffé Musetti, 1kg","online":true,"code":"100797728_ST","priceValue":126,"price":"126,00 kr","ranking":0,"thumbnail":{"imageType":"PRIMARY","format":"thumbnail","url":"https://d2rfo6yapuixuu.cloudfront.net/hc3/hfc/8855147905054/8004769201069.jpg_master_axfood_100","altText":null,"galleryIndex":null,"width":null},"manufacturer":"Caffé Musetti","comparePriceUnit":"kg","image":{"imageType":"PRIMARY","format":"product","url":"https://d2rfo6yapuixuu.cloudfront.net/hb1/hf9/8855147839518/8004769201069.jpg_master_axfood_300","altText":null,"galleryIndex":null,"width":null},"potentialPromotions":[],"depositPrice":"","averageWeight":null,"incrementValue":1,"comparePrice":"126,00 kr","productBasketType":{"code":"ST","type":"ProductBasketTypeEnum"},"isDrugProduct":false,"savingsAmount":null,"labels":[],"name":"Espresso Arabica Hela Bönor"},{"displayVolume":"1kg","priceNoUnit":"126,00","priceUnit":"kr/st","outOfStock":false,"productLine2":"Musetti, 1kg","pickupProductLine2":"Musetti, 1kg","online":true,"code":"101194117_ST","priceValue":126,"price":"126,00 kr","ranking":0,"thumbnail":{"imageType":"PRIMARY","format":"thumbnail","url":"https://d2rfo6yapuixuu.cloudfront.net/hda/hdf/8856486346782/8004769202929.jpg_master_axfood_100","altText":null,"galleryIndex":null,"width":null},"manufacturer":"Musetti","comparePriceUnit":"kg","image":{"imageType":"PRIMARY","format":"product","url":"https://d2rfo6yapuixuu.cloudfront.net/hd8/he2/8856486281246/8004769202929.jpg_master_axfood_300","altText":null,"galleryIndex":null,"width":null},"potentialPromotions":[],"depositPrice":"","averageWeight":null,"incrementValue":1,"comparePrice":"126,00 kr","productBasketType":{"code":"ST","type":"ProductBasketTypeEnum"},"isDrugProduct":false,"savingsAmount":null,"labels":[],"name":"Espressobönor Dulce Arabica Hela Bönor"},{"displayVolume":"500g","priceNoUnit":"22,90","priceUnit":"kr/st","outOfStock":false,"productLine2":"Bontas, 500g","pickupProductLine2":"Bontas, 500g","online":true,"code":"101246244_ST","priceValue":22.9,"price":"22,90 kr","ranking":0,"thumbnail":{"imageType":"PRIMARY","format":"thumbnail","url":"https://d2rfo6yapuixuu.cloudfront.net/he6/ha4/8862433312798/05410997160154.jpg_master_axfood_100","altText":null,"galleryIndex":null,"width":null},"manufacturer":"Bontas","comparePriceUnit":"kg","image":{"imageType":"PRIMARY","format":"product","url":"https://d2rfo6yapuixuu.cloudfront.net/hf6/ha7/8862433247262/05410997160154.jpg_master_axfood_300","altText":null,"galleryIndex":null,"width":null},"potentialPromotions":[],"depositPrice":"","averageWeight":null,"incrementValue":1,"comparePrice":"45,80 kr","productBasketType":{"code":"ST","type":"ProductBasketTypeEnum"},"isDrugProduct":false,"savingsAmount":null,"labels":[],"name":"Kaffe Mörkrost"},{"displayVolume":"1kg","priceNoUnit":"124,00","priceUnit":"kr/st","outOfStock":false,"productLine2":"Lavazza, 1kg","pickupProductLine2":"Lavazza, 1kg","online":true,"code":"101047877_ST","priceValue":124,"price":"124,00 kr","ranking":0,"thumbnail":{"imageType":"PRIMARY","format":"thumbnail","url":"https://d2rfo6yapuixuu.cloudfront.net/h2e/hbf/8961101168670/08000070025066.jpg_1503395452622_master_axfood_100","altText":null,"galleryIndex":null,"width":null},"manufacturer":"Lavazza","comparePriceUnit":"kg","image":{"imageType":"PRIMARY","format":"product","url":"https://d2rfo6yapuixuu.cloudfront.net/h80/hbe/8961101103134/08000070025066.jpg_1503395452622_master_axfood_300","altText":null,"galleryIndex":null,"width":null},"potentialPromotions":[],"depositPrice":"","averageWeight":null,"incrementValue":1,"comparePrice":"124,00 kr","productBasketType":{"code":"ST","type":"ProductBasketTypeEnum"},"isDrugProduct":false,"savingsAmount":null,"labels":[],"name":"Gran Crema Espresso Hela Bönor"},{"displayVolume":"150g","priceNoUnit":"44,90","priceUnit":"kr/st","outOfStock":false,"productLine2":"Nescafé, 150g","pickupProductLine2":"Nescafé, 150g","online":true,"code":"101203015_ST","priceValue":44.9,"price":"44,90 kr","ranking":120.89299567202,"thumbnail":{"imageType":"PRIMARY","format":"thumbnail","url":"https://d2rfo6yapuixuu.cloudfront.net/hf1/h9a/8856746655774/07613032546571.jpg_master_axfood_100","altText":null,"galleryIndex":null,"width":null},"manufacturer":"Nescafé","comparePriceUnit":"kg","image":{"imageType":"PRIMARY","format":"product","url":"https://d2rfo6yapuixuu.cloudfront.net/hee/h9d/8856746590238/07613032546571.jpg_master_axfood_300","altText":null,"galleryIndex":null,"width":null},"potentialPromotions":[{"code":"20000064043","threshold":null,"price":{"currencyIso":"SEK","value":39.9,"priceType":"BUY","formattedValue":"39,90 kr","minQuantity":null,"maxQuantity":null},"campaignType":"GENERAL","promotionTheme":{"code":"Z062","visible":null},"qualifyingCount":1,"promotionType":"MixMatchPricePromotion","conditionLabel":"Spara 5,00 kr/st","rewardLabel":"39,90/st","textLabel":null,"redeemLimitLabel":null,"cartLabel":null,"validUntil":null,"timesUsed":null,"comparePrice":"266,01 kr","promotionPercentage":null,"promotionRedeemLimit":null,"priority":408}],"depositPrice":"","averageWeight":null,"incrementValue":1,"comparePrice":"299,35 kr","productBasketType":{"code":"ST","type":"ProductBasketTypeEnum"},"isDrugProduct":false,"savingsAmount":5,"labels":[],"name":"Nescafé Gold"},{"displayVolume":"200g","priceNoUnit":"55,90","priceUnit":"kr/st","outOfStock":false,"productLine2":"Nescafé, 200g","pickupProductLine2":"Nescafé, 200g","online":true,"code":"100112085_ST","priceValue":55.9,"price":"55,90 kr","ranking":0,"thumbnail":{"imageType":"PRIMARY","format":"thumbnail","url":"https://d2rfo6yapuixuu.cloudfront.net/hf5/h43/8854144155678/7613031210374.jpg_master_axfood_100","altText":null,"galleryIndex":null,"width":null},"manufacturer":"Nescafé","comparePriceUnit":"kg","image":{"imageType":"PRIMARY","format":"product","url":"https://d2rfo6yapuixuu.cloudfront.net/hf3/h46/8854144090142/7613031210374.jpg_master_axfood_300","altText":null,"galleryIndex":null,"width":null},"potentialPromotions":[],"depositPrice":"","averageWeight":null,"incrementValue":1,"comparePrice":"279,50 kr","productBasketType":{"code":"ST","type":"ProductBasketTypeEnum"},"isDrugProduct":false,"savingsAmount":null,"labels":[],"name":"Nescafé Lyx Mellanrost"},{"displayVolume":"100g","priceNoUnit":"49,90","priceUnit":"kr/st","outOfStock":false,"productLine2":"Nescafé, 100g","pickupProductLine2":"Nescafé, 100g","online":true,"code":"101180924_ST","priceValue":49.9,"price":"49,90 kr","ranking":0,"thumbnail":{"imageType":"PRIMARY","format":"thumbnail","url":"https://d2rfo6yapuixuu.cloudfront.net/hd2/h67/8856136384542/7042110035513.jpg_master_axfood_100","altText":null,"galleryIndex":null,"width":null},"manufacturer":"Nescafé","comparePriceUnit":"kg","image":{"imageType":"PRIMARY","format":"product","url":"https://d2rfo6yapuixuu.cloudfront.net/h93/h68/8856136319006/7042110035513.jpg_master_axfood_300","altText":null,"galleryIndex":null,"width":null},"potentialPromotions":[],"depositPrice":"","averageWeight":null,"incrementValue":1,"comparePrice":"499,00 kr","productBasketType":{"code":"ST","type":"ProductBasketTypeEnum"},"isDrugProduct":false,"savingsAmount":null,"labels":[],"name":"Koffeinfritt Gold Snabbkaffe"},{"displayVolume":"100g","priceNoUnit":"39,90","priceUnit":"kr/st","outOfStock":false,"productLine2":"Nescafé, 100g","pickupProductLine2":"Nescafé, 100g","online":true,"code":"100627207_ST","priceValue":39.9,"price":"39,90 kr","ranking":0,"thumbnail":{"imageType":"PRIMARY","format":"thumbnail","url":"https://d2rfo6yapuixuu.cloudfront.net/hb4/ha8/8854985113630/7610100021510.jpg_master_axfood_100","altText":null,"galleryIndex":null,"width":null},"manufacturer":"Nescafé","comparePriceUnit":"kg","image":{"imageType":"PRIMARY","format":"product","url":"https://d2rfo6yapuixuu.cloudfront.net/ha3/ha5/8854985048094/7610100021510.jpg_master_axfood_300","altText":null,"galleryIndex":null,"width":null},"potentialPromotions":[],"depositPrice":"","averageWeight":null,"incrementValue":1,"comparePrice":"399,00 kr","productBasketType":{"code":"ST","type":"ProductBasketTypeEnum"},"isDrugProduct":false,"savingsAmount":null,"labels":[],"name":"Lyx Mellanrost Mild&rund Snabbkaffe"},{"displayVolume":"200g","priceNoUnit":"64,90","priceUnit":"kr/st","outOfStock":false,"productLine2":"Nescafé, 200g","pickupProductLine2":"Nescafé, 200g","online":true,"code":"100615005_ST","priceValue":64.9,"price":"64,90 kr","ranking":0,"thumbnail":{"imageType":"PRIMARY","format":"thumbnail","url":"https://d2rfo6yapuixuu.cloudfront.net/h2f/h35/8854971219998/7310500028040.jpg_master_axfood_100","altText":null,"galleryIndex":null,"width":null},"manufacturer":"Nescafé","comparePriceUnit":"kg","image":{"imageType":"PRIMARY","format":"product","url":"https://d2rfo6yapuixuu.cloudfront.net/h32/h32/8854971154462/7310500028040.jpg_master_axfood_300","altText":null,"galleryIndex":null,"width":null},"potentialPromotions":[],"depositPrice":"","averageWeight":null,"incrementValue":1,"comparePrice":"324,50 kr","productBasketType":{"code":"ST","type":"ProductBasketTypeEnum"},"isDrugProduct":false,"savingsAmount":null,"labels":[],"name":"Lyx Mellanrost Mild&rund Snabbkaffe"},{"code":"100112101_ST","priceValue":55.9,"price":"55,90 kr","thumbnail":{"imageType":"PRIMARY","format":"thumbnail","url":"https://d2rfo6yapuixuu.cloudfront.net/h27/h3a/8854144417822/7613031239436.jpg_master_axfood_100","altText":null,"galleryIndex":null,"width":null},"ranking":0,"comparePriceUnit":"kg","image":{"imageType":"PRIMARY","format":"product","url":"https://d2rfo6yapuixuu.cloudfront.net/h25/h3d/8854144352286/7613031239436.jpg_master_axfood_300","altText":null,"galleryIndex":null,"width":null},"manufacturer":"Nescafé","potentialPromotions":[],"depositPrice":"","averageWeight":null,"incrementValue":1,"comparePrice":"279,50 kr","productBasketType":{"code":"ST","type":"ProductBasketTypeEnum"},"isDrugProduct":false,"savingsAmount":null,"displayVolume":"200g","priceNoUnit":"55,90","priceUnit":"kr/st","outOfStock":false,"productLine2":"Nescafé, 200g","pickupProductLine2":"Nescafé, 200g","online":true,"labels":[],"name":"Nescafé Lyx Mörkrost"},{"code":"101255037_ST","priceValue":64.9,"price":"64,90 kr","thumbnail":{"imageType":"PRIMARY","format":"thumbnail","url":"https://d2rfo6yapuixuu.cloudfront.net/h63/hc3/8869447794718/07613035488601.jpg_1470611426505_master_axfood_100","altText":null,"galleryIndex":null,"width":null},"ranking":0,"comparePriceUnit":"kg","image":{"imageType":"PRIMARY","format":"product","url":"https://d2rfo6yapuixuu.cloudfront.net/h24/hc4/8869447729182/07613035488601.jpg_1470611426505_master_axfood_300","altText":null,"galleryIndex":null,"width":null},"manufacturer":"Nescafé","potentialPromotions":[],"depositPrice":"","averageWeight":null,"incrementValue":1,"comparePrice":"370,84 kr","productBasketType":{"code":"ST","type":"ProductBasketTypeEnum"},"isDrugProduct":false,"savingsAmount":null,"displayVolume":"175g","priceNoUnit":"64,90","priceUnit":"kr/st","outOfStock":false,"productLine2":"Nescafé, 175g","pickupProductLine2":"Nescafé, 175g","online":true,"labels":["ecological","eu_ecological","fairtrade"],"name":"Lyx Organic Mellanrost"},{"code":"100615130_ST","priceValue":64.9,"price":"64,90 kr","thumbnail":{"imageType":"PRIMARY","format":"thumbnail","url":"https://d2rfo6yapuixuu.cloudfront.net/h8f/h46/8854971744286/07310500028224.jpg_master_axfood_100","altText":null,"galleryIndex":null,"width":null},"ranking":0,"comparePriceUnit":"kg","image":{"imageType":"PRIMARY","format":"product","url":"https://d2rfo6yapuixuu.cloudfront.net/h7e/h43/8854971678750/07310500028224.jpg_master_axfood_300","altText":null,"galleryIndex":null,"width":null},"manufacturer":"Nescafé","potentialPromotions":[],"depositPrice":"","averageWeight":null,"incrementValue":1,"comparePrice":"324,50 kr","productBasketType":{"code":"ST","type":"ProductBasketTypeEnum"},"isDrugProduct":false,"savingsAmount":null,"displayVolume":"200g","priceNoUnit":"64,90","priceUnit":"kr/st","outOfStock":false,"productLine2":"Nescafé, 200g","pickupProductLine2":"Nescafé, 200g","online":true,"labels":[],"name":"Lyx Mörkrost Extra Kraft Snabbkaffe"},{"code":"101246254_ST","priceValue":24.9,"price":"24,90 kr","thumbnail":{"imageType":"PRIMARY","format":"thumbnail","url":"https://d2rfo6yapuixuu.cloudfront.net/hbf/h30/8862434623518/07340083448799.jpg_master_axfood_100","altText":null,"galleryIndex":null,"width":null},"ranking":0,"comparePriceUnit":"kg","image":{"imageType":"PRIMARY","format":"product","url":"https://d2rfo6yapuixuu.cloudfront.net/hd1/h33/8862434557982/07340083448799.jpg_master_axfood_300","altText":null,"galleryIndex":null,"width":null},"manufacturer":"Eldorado","potentialPromotions":[],"depositPrice":"","averageWeight":null,"incrementValue":1,"comparePrice":"49,80 kr","productBasketType":{"code":"ST","type":"ProductBasketTypeEnum"},"isDrugProduct":false,"savingsAmount":null,"displayVolume":"500g","priceNoUnit":"24,90","priceUnit":"kr/st","outOfStock":false,"productLine2":"Eldorado, 500g","pickupProductLine2":"Eldorado, 500g","online":true,"labels":[],"name":"Bryggkaffe Mellanrost Bryggkaffe"},{"code":"101175277_ST","priceValue":47.9,"price":"47,90 kr","thumbnail":{"imageType":"PRIMARY","format":"thumbnail","url":"https://d2rfo6yapuixuu.cloudfront.net/hc8/h3e/8855983226910/7311041067369.jpg_master_axfood_100","altText":null,"galleryIndex":null,"width":null},"ranking":0,"comparePriceUnit":"kg","image":{"imageType":"PRIMARY","format":"product","url":"https://d2rfo6yapuixuu.cloudfront.net/hc6/h41/8855983161374/7311041067369.jpg_master_axfood_300","altText":null,"galleryIndex":null,"width":null},"manufacturer":"Garant","potentialPromotions":[],"depositPrice":"","averageWeight":null,"incrementValue":1,"comparePrice":"95,80 kr","productBasketType":{"code":"ST","type":"ProductBasketTypeEnum"},"isDrugProduct":false,"savingsAmount":null,"displayVolume":"500g","priceNoUnit":"47,90","priceUnit":"kr/st","outOfStock":false,"productLine2":"Garant, 500g","pickupProductLine2":"Garant, 500g","online":true,"labels":[],"name":"Espresso Arabica Och Robusta Hela Bönor"},{"code":"101175280_ST","priceValue":47.9,"price":"47,90 kr","thumbnail":{"imageType":"PRIMARY","format":"thumbnail","url":"https://d2rfo6yapuixuu.cloudfront.net/h68/h2d/8855983751198/7311041067376.jpg_master_axfood_100","altText":null,"galleryIndex":null,"width":null},"ranking":0,"comparePriceUnit":"kg","image":{"imageType":"PRIMARY","format":"product","url":"https://d2rfo6yapuixuu.cloudfront.net/h79/h30/8855983685662/7311041067376.jpg_master_axfood_300","altText":null,"galleryIndex":null,"width":null},"manufacturer":"Garant","potentialPromotions":[],"depositPrice":"","averageWeight":null,"incrementValue":1,"comparePrice":"95,80 kr","productBasketType":{"code":"ST","type":"ProductBasketTypeEnum"},"isDrugProduct":false,"savingsAmount":null,"displayVolume":"500g","priceNoUnit":"47,90","priceUnit":"kr/st","outOfStock":false,"productLine2":"Garant, 500g","pickupProductLine2":"Garant, 500g","online":true,"labels":[],"name":"Bistro Asiatisk Blend Hela Bönor"},{"code":"101175281_ST","priceValue":47.9,"price":"47,90 kr","thumbnail":{"imageType":"PRIMARY","format":"thumbnail","url":"https://d2rfo6yapuixuu.cloudfront.net/h11/h24/8855984013342/7311041067383.jpg_master_axfood_100","altText":null,"galleryIndex":null,"width":null},"ranking":0,"comparePriceUnit":"kg","image":{"imageType":"PRIMARY","format":"product","url":"https://d2rfo6yapuixuu.cloudfront.net/hab/h26/8855983947806/7311041067383.jpg_master_axfood_300","altText":null,"galleryIndex":null,"width":null},"manufacturer":"Garant","potentialPromotions":[],"depositPrice":"","averageWeight":null,"incrementValue":1,"comparePrice":"95,80 kr","productBasketType":{"code":"ST","type":"ProductBasketTypeEnum"},"isDrugProduct":false,"savingsAmount":null,"displayVolume":"500g","priceNoUnit":"47,90","priceUnit":"kr/st","outOfStock":false,"productLine2":"Garant, 500g","pickupProductLine2":"Garant, 500g","online":true,"labels":[],"name":"Rustica Mörkrost Hela Bönor"},{"code":"101175200_ST","priceValue":30.9,"price":"30,90 kr","thumbnail":{"imageType":"PRIMARY","format":"thumbnail","url":"https://d2rfo6yapuixuu.cloudfront.net/h9a/hfa/8855981916190/7311041064771.jpg_master_axfood_100","altText":null,"galleryIndex":null,"width":null},"ranking":0,"comparePriceUnit":"kg","image":{"imageType":"PRIMARY","format":"product","url":"https://d2rfo6yapuixuu.cloudfront.net/h98/hfd/8855981850654/7311041064771.jpg_master_axfood_300","altText":null,"galleryIndex":null,"width":null},"manufacturer":"Garant","potentialPromotions":[],"depositPrice":"","averageWeight":null,"incrementValue":1,"comparePrice":"61,80 kr","productBasketType":{"code":"ST","type":"ProductBasketTypeEnum"},"isDrugProduct":false,"savingsAmount":null,"displayVolume":"500g","priceNoUnit":"30,90","priceUnit":"kr/st","outOfStock":false,"productLine2":"Garant, 500g","pickupProductLine2":"Garant, 500g","online":true,"labels":[],"name":"Bryggkaffe Mellanrost Bryggkaffe"},{"code":"101175213_ST","priceValue":30.9,"price":"30,90 kr","thumbnail":{"imageType":"PRIMARY","format":"thumbnail","url":"https://d2rfo6yapuixuu.cloudfront.net/h8e/ha1/8855982440478/7311041053690.jpg_master_axfood_100","altText":null,"galleryIndex":null,"width":null},"ranking":0,"comparePriceUnit":"kg","image":{"imageType":"PRIMARY","format":"product","url":"https://d2rfo6yapuixuu.cloudfront.net/ha0/ha4/8855982374942/7311041053690.jpg_master_axfood_300","altText":null,"galleryIndex":null,"width":null},"manufacturer":"Garant","potentialPromotions":[],"depositPrice":"","averageWeight":null,"incrementValue":1,"comparePrice":"61,80 kr","productBasketType":{"code":"ST","type":"ProductBasketTypeEnum"},"isDrugProduct":false,"savingsAmount":null,"displayVolume":"500g","priceNoUnit":"30,90","priceUnit":"kr/st","outOfStock":false,"productLine2":"Garant, 500g","pickupProductLine2":"Garant, 500g","online":true,"labels":[],"name":"Bryggkaffe Mörkrost Bryggkaffe"},{"code":"100853970_ST","priceValue":139,"price":"139,00 kr","thumbnail":{"imageType":"PRIMARY","format":"thumbnail","url":"https://d2rfo6yapuixuu.cloudfront.net/hec/h0a/8855234543646/8004769203605.jpg_master_axfood_100","altText":null,"galleryIndex":null,"width":null},"ranking":0,"comparePriceUnit":"kg","image":{"imageType":"PRIMARY","format":"product","url":"https://d2rfo6yapuixuu.cloudfront.net/hdb/h07/8855234478110/8004769203605.jpg_master_axfood_300","altText":null,"galleryIndex":null,"width":null},"manufacturer":"Musetti","potentialPromotions":[],"depositPrice":"","averageWeight":null,"incrementValue":1,"comparePrice":"139,00 kr","productBasketType":{"code":"ST","type":"ProductBasketTypeEnum"},"isDrugProduct":false,"savingsAmount":null,"displayVolume":"1kg","priceNoUnit":"139,00","priceUnit":"kr/st","outOfStock":false,"productLine2":"Musetti, 1kg","pickupProductLine2":"Musetti, 1kg","online":true,"labels":["fairtrade"],"name":"Espressobönor Hela Bönor"},{"code":"101122893_ST","priceValue":48.9,"price":"48,90 kr","thumbnail":{"imageType":"PRIMARY","format":"thumbnail","url":"https://d2rfo6yapuixuu.cloudfront.net/h76/hf6/8945438949406/07613032873691.jpg_1499333428637_master_axfood_100","altText":null,"galleryIndex":null,"width":null},"ranking":0,"comparePriceUnit":"kg","image":{"imageType":"PRIMARY","format":"product","url":"https://d2rfo6yapuixuu.cloudfront.net/h77/hf3/8945438883870/07613032873691.jpg_1499333428637_master_axfood_300","altText":null,"galleryIndex":null,"width":null},"manufacturer":"Nestlé","potentialPromotions":[],"depositPrice":"","averageWeight":null,"incrementValue":1,"comparePrice":"244,50 kr","productBasketType":{"code":"ST","type":"ProductBasketTypeEnum"},"isDrugProduct":false,"savingsAmount":null,"displayVolume":"200g","priceNoUnit":"48,90","priceUnit":"kr/st","outOfStock":false,"productLine2":"Nestlé, 200g","pickupProductLine2":"Nestlé, 200g","online":true,"labels":[],"name":"Nescafé Original Softpack"},{"code":"101230973_ST","priceValue":48.5,"price":"48,50 kr","thumbnail":{"imageType":"PRIMARY","format":"thumbnail","url":"https://d2rfo6yapuixuu.cloudfront.net/h46/h83/8857933021214/7340083440076.jpg_master_axfood_100","altText":null,"galleryIndex":null,"width":null},"ranking":0,"comparePriceUnit":"kg","image":{"imageType":"PRIMARY","format":"product","url":"https://d2rfo6yapuixuu.cloudfront.net/h03/hce/8857932955678/7340083440076.jpg_master_axfood_300","altText":null,"galleryIndex":null,"width":null},"manufacturer":"Garant Eko","potentialPromotions":[],"depositPrice":"","averageWeight":null,"incrementValue":1,"comparePrice":"323,35 kr","productBasketType":{"code":"ST","type":"ProductBasketTypeEnum"},"isDrugProduct":false,"savingsAmount":null,"displayVolume":"150g","priceNoUnit":"48,50","priceUnit":"kr/st","outOfStock":false,"productLine2":"Garant Eko, 150g","pickupProductLine2":"Garant Eko, 150g","online":true,"labels":["ecological","eu_ecological"],"name":"Snabbkaffe Mellanrost Ekologiskt"},{"code":"100291024_ST","priceValue":52.9,"price":"52,90 kr","thumbnail":{"imageType":"PRIMARY","format":"thumbnail","url":"https://d2rfo6yapuixuu.cloudfront.net/h7e/hce/8854451322910/8004769230205.jpg_master_axfood_100","altText":null,"galleryIndex":null,"width":null},"ranking":0,"comparePriceUnit":"kg","image":{"imageType":"PRIMARY","format":"product","url":"https://d2rfo6yapuixuu.cloudfront.net/h6d/hcb/8854451257374/8004769230205.jpg_master_axfood_300","altText":null,"galleryIndex":null,"width":null},"manufacturer":"Musetti","potentialPromotions":[],"depositPrice":"","averageWeight":null,"incrementValue":1,"comparePrice":"105,80 kr","productBasketType":{"code":"ST","type":"ProductBasketTypeEnum"},"isDrugProduct":false,"savingsAmount":null,"displayVolume":"500g","priceNoUnit":"52,90","priceUnit":"kr/st","outOfStock":false,"productLine2":"Musetti, 500g","pickupProductLine2":"Musetti, 500g","online":true,"labels":[],"name":"Espresso Rossa Hela Bönor"},{"code":"101239436_ST","priceValue":62.9,"price":"62,90 kr","thumbnail":{"imageType":"PRIMARY","format":"thumbnail","url":"https://d2rfo6yapuixuu.cloudfront.net/h01/h00/8862049206302/08004769211815.jpg_master_axfood_100","altText":null,"galleryIndex":null,"width":null},"ranking":0,"comparePriceUnit":"kg","image":{"imageType":"PRIMARY","format":"product","url":"https://d2rfo6yapuixuu.cloudfront.net/hfd/h02/8862049140766/08004769211815.jpg_master_axfood_300","altText":null,"galleryIndex":null,"width":null},"manufacturer":"Musetti","potentialPromotions":[],"depositPrice":"","averageWeight":null,"incrementValue":1,"comparePrice":"125,80 kr","productBasketType":{"code":"ST","type":"ProductBasketTypeEnum"},"isDrugProduct":false,"savingsAmount":null,"displayVolume":"500g","priceNoUnit":"62,90","priceUnit":"kr/st","outOfStock":false,"productLine2":"Musetti, 500g","pickupProductLine2":"Musetti, 500g","online":true,"labels":["ecological","eu_ecological"],"name":"Mio Espresso Hela Bönor"},{"code":"101202509_ST","priceValue":49.9,"price":"49,90 kr","thumbnail":{"imageType":"PRIMARY","format":"thumbnail","url":"https://d2rfo6yapuixuu.cloudfront.net/hfb/h3c/8856719917086/7310760041094.jpg_master_axfood_100","altText":null,"galleryIndex":null,"width":null},"ranking":0,"comparePriceUnit":"kg","image":{"imageType":"PRIMARY","format":"product","url":"https://d2rfo6yapuixuu.cloudfront.net/hfc/h39/8856719851550/7310760041094.jpg_master_axfood_300","altText":null,"galleryIndex":null,"width":null},"manufacturer":"Classic","potentialPromotions":[],"depositPrice":"","averageWeight":null,"incrementValue":1,"comparePrice":"99,80 kr","productBasketType":{"code":"ST","type":"ProductBasketTypeEnum"},"isDrugProduct":false,"savingsAmount":null,"displayVolume":"500g","priceNoUnit":"49,90","priceUnit":"kr/st","outOfStock":false,"productLine2":"Classic, 500g","pickupProductLine2":"Classic, 500g","online":true,"labels":[],"name":"Mellan Mellanrost Hela Bönor"},{"displayVolume":"500g","priceUnit":"kr/st","outOfStock":false,"productLine2":"Classic, 500g","pickupProductLine2":"Classic, 500g","online":true,"code":"101202533_ST","price":"49,90 kr","priceValue":49.9,"image":{"imageType":"PRIMARY","format":"product","url":"https://d2rfo6yapuixuu.cloudfront.net/h95/hab/8856720900126/7310760041087.jpg_master_axfood_300","altText":null,"galleryIndex":null,"width":null},"thumbnail":{"imageType":"PRIMARY","format":"thumbnail","url":"https://d2rfo6yapuixuu.cloudfront.net/he7/haa/8856720965662/7310760041087.jpg_master_axfood_100","altText":null,"galleryIndex":null,"width":null},"comparePriceUnit":"kg","ranking":0,"manufacturer":"Classic","potentialPromotions":[],"depositPrice":"","averageWeight":null,"incrementValue":1,"comparePrice":"99,80 kr","productBasketType":{"code":"ST","type":"ProductBasketTypeEnum"},"isDrugProduct":false,"savingsAmount":null,"priceNoUnit":"49,90","labels":[],"name":"Festiva Mörkrost Hela Bönor"},{"displayVolume":"1000g","priceUnit":"kr/st","outOfStock":false,"productLine2":"Melitta, 1000g","pickupProductLine2":"Melitta, 1000g","online":true,"code":"101270567_ST","price":"109,00 kr","priceValue":109,"image":{"imageType":"PRIMARY","format":"product","url":"https://d2rfo6yapuixuu.cloudfront.net/h84/h93/8943536537630/04002720008300.jpg_1498943751236_master_axfood_300","altText":null,"galleryIndex":null,"width":null},"thumbnail":{"imageType":"PRIMARY","format":"thumbnail","url":"https://d2rfo6yapuixuu.cloudfront.net/h72/h90/8943536603166/04002720008300.jpg_1498943751236_master_axfood_100","altText":null,"galleryIndex":null,"width":null},"comparePriceUnit":"kg","ranking":0,"manufacturer":"Melitta","potentialPromotions":[],"depositPrice":"","averageWeight":null,"incrementValue":1,"comparePrice":"109,00 kr","productBasketType":{"code":"ST","type":"ProductBasketTypeEnum"},"isDrugProduct":false,"savingsAmount":null,"priceNoUnit":"109,00","labels":[],"name":"Espresso Bella Crema"},{"displayVolume":"500g","priceUnit":"kr/st","outOfStock":false,"productLine2":"Garant Eko, 500g","pickupProductLine2":"Garant Eko, 500g","online":true,"code":"101175278_ST","price":"54,90 kr","priceValue":54.9,"image":{"imageType":"PRIMARY","format":"product","url":"https://d2rfo6yapuixuu.cloudfront.net/hf8/h37/8855983423518/7311041067352.jpg_master_axfood_300","altText":null,"galleryIndex":null,"width":null},"thumbnail":{"imageType":"PRIMARY","format":"thumbnail","url":"https://d2rfo6yapuixuu.cloudfront.net/h49/h37/8855983489054/7311041067352.jpg_master_axfood_100","altText":null,"galleryIndex":null,"width":null},"comparePriceUnit":"kg","ranking":0,"manufacturer":"Garant Eko","potentialPromotions":[],"depositPrice":"","averageWeight":null,"incrementValue":1,"comparePrice":"109,80 kr","productBasketType":{"code":"ST","type":"ProductBasketTypeEnum"},"isDrugProduct":false,"savingsAmount":null,"priceNoUnit":"54,90","labels":["ecological","eu_ecological"],"name":"Espresso 100% Arabica Hela Bönor"},{"displayVolume":"400g","priceUnit":"kr/st","outOfStock":false,"productLine2":"Garant Eko, 400g","pickupProductLine2":"Garant Eko, 400g","online":true,"code":"101246843_ST","price":"47,90 kr","priceValue":47.9,"image":{"imageType":"PRIMARY","format":"product","url":"https://d2rfo6yapuixuu.cloudfront.net/ha4/hf3/8870874710046/07340083449727.jpg_1472026546766_master_axfood_300","altText":null,"galleryIndex":null,"width":null},"thumbnail":{"imageType":"PRIMARY","format":"thumbnail","url":"https://d2rfo6yapuixuu.cloudfront.net/hf6/hf2/8870874775582/07340083449727.jpg_1472026546766_master_axfood_100","altText":null,"galleryIndex":null,"width":null},"comparePriceUnit":"kg","ranking":0,"manufacturer":"Garant Eko","potentialPromotions":[],"depositPrice":"","averageWeight":null,"incrementValue":1,"comparePrice":"119,75 kr","productBasketType":{"code":"ST","type":"ProductBasketTypeEnum"},"isDrugProduct":false,"savingsAmount":null,"priceNoUnit":"47,90","labels":["ecological","eu_ecological","fairtrade"],"name":"Colombia Bryggkaffe Bönkaffe"},{"displayVolume":"400g","priceUnit":"kr/st","outOfStock":false,"productLine2":"Garant Eko, 400g","pickupProductLine2":"Garant Eko, 400g","online":true,"code":"101246860_ST","price":"47,90 kr","priceValue":47.9,"image":{"imageType":"PRIMARY","format":"product","url":"https://d2rfo6yapuixuu.cloudfront.net/h7b/hff/8870874382366/07340083449710.jpg_1472026542266_master_axfood_300","altText":null,"galleryIndex":null,"width":null},"thumbnail":{"imageType":"PRIMARY","format":"thumbnail","url":"https://d2rfo6yapuixuu.cloudfront.net/h86/hfd/8870874447902/07340083449710.jpg_1472026542266_master_axfood_100","altText":null,"galleryIndex":null,"width":null},"comparePriceUnit":"kg","ranking":0,"manufacturer":"Garant Eko","potentialPromotions":[],"depositPrice":"","averageWeight":null,"incrementValue":1,"comparePrice":"119,75 kr","productBasketType":{"code":"ST","type":"ProductBasketTypeEnum"},"isDrugProduct":false,"savingsAmount":null,"priceNoUnit":"47,90","labels":["ecological","eu_ecological","fairtrade"],"name":"Honduras Bryggkaffe Bönkaffe"},{"displayVolume":"200g","priceUnit":"kr/st","outOfStock":false,"productLine2":"Gevalia, 200g","pickupProductLine2":"Gevalia, 200g","online":true,"code":"101261189_ST","price":"46,90 kr","priceValue":46.9,"image":{"imageType":"PRIMARY","format":"product","url":"https://d2rfo6yapuixuu.cloudfront.net/h0b/hf0/8925120167966/08711000538050.jpg_1494226535623_master_axfood_300","altText":null,"galleryIndex":null,"width":null},"thumbnail":{"imageType":"PRIMARY","format":"thumbnail","url":"https://d2rfo6yapuixuu.cloudfront.net/h1d/hf3/8925120233502/08711000538050.jpg_1494226535623_master_axfood_100","altText":null,"galleryIndex":null,"width":null},"comparePriceUnit":"kg","ranking":0,"manufacturer":"Gevalia","potentialPromotions":[],"depositPrice":"","averageWeight":null,"incrementValue":1,"comparePrice":"234,50 kr","productBasketType":{"code":"ST","type":"ProductBasketTypeEnum"},"isDrugProduct":false,"savingsAmount":null,"priceNoUnit":"46,90","labels":[],"name":"Original Instant Mellanrost Refill"},{"displayVolume":"200g","priceUnit":"kr/st","outOfStock":false,"productLine2":"Gevalia, 200g","pickupProductLine2":"Gevalia, 200g","online":true,"code":"101261654_ST","price":"46,90 kr","priceValue":46.9,"image":{"imageType":"PRIMARY","format":"product","url":"https://d2rfo6yapuixuu.cloudfront.net/h22/he3/8925117874206/08711000538081.jpg_1494225638134_master_axfood_300","altText":null,"galleryIndex":null,"width":null},"thumbnail":{"imageType":"PRIMARY","format":"thumbnail","url":"https://d2rfo6yapuixuu.cloudfront.net/h24/he0/8925117939742/08711000538081.jpg_1494225638134_master_axfood_100","altText":null,"galleryIndex":null,"width":null},"comparePriceUnit":"kg","ranking":0,"manufacturer":"Gevalia","potentialPromotions":[],"depositPrice":"","averageWeight":null,"incrementValue":1,"comparePrice":"234,50 kr","productBasketType":{"code":"ST","type":"ProductBasketTypeEnum"},"isDrugProduct":false,"savingsAmount":null,"priceNoUnit":"46,90","labels":[],"name":"Colombia Instant Refill"},{"displayVolume":"200g","priceUnit":"kr/st","outOfStock":false,"productLine2":"Gevalia, 200g","pickupProductLine2":"Gevalia, 200g","online":true,"code":"101261097_ST","price":"46,90 kr","priceValue":46.9,"image":{"imageType":"PRIMARY","format":"product","url":"https://d2rfo6yapuixuu.cloudfront.net/hee/he4/8928202784798/08711000538197.jpg_1494933327028_master_axfood_300","altText":null,"galleryIndex":null,"width":null},"thumbnail":{"imageType":"PRIMARY","format":"thumbnail","url":"https://d2rfo6yapuixuu.cloudfront.net/hdd/he1/8928202850334/08711000538197.jpg_1494933327028_master_axfood_100","altText":null,"galleryIndex":null,"width":null},"comparePriceUnit":"kg","ranking":0,"manufacturer":"Gevalia","potentialPromotions":[],"depositPrice":"","averageWeight":null,"incrementValue":1,"comparePrice":"234,50 kr","productBasketType":{"code":"ST","type":"ProductBasketTypeEnum"},"isDrugProduct":false,"savingsAmount":null,"priceNoUnit":"46,90","labels":[],"name":"Gold  Instant Mellanrost Refill"},{"displayVolume":"200g","priceUnit":"kr/st","outOfStock":false,"productLine2":"Gevalia, 200g","pickupProductLine2":"Gevalia, 200g","online":true,"code":"101261096_ST","price":"46,90 kr","priceValue":46.9,"image":{"imageType":"PRIMARY","format":"product","url":"https://d2rfo6yapuixuu.cloudfront.net/h8a/ha2/8925121282078/08711000538166.jpg_1494226867499_master_axfood_300","altText":null,"galleryIndex":null,"width":null},"thumbnail":{"imageType":"PRIMARY","format":"thumbnail","url":"https://d2rfo6yapuixuu.cloudfront.net/h8c/h9f/8925121347614/08711000538166.jpg_1494226867499_master_axfood_100","altText":null,"galleryIndex":null,"width":null},"comparePriceUnit":"kg","ranking":0,"manufacturer":"Gevalia","potentialPromotions":[],"depositPrice":"","averageWeight":null,"incrementValue":1,"comparePrice":"234,50 kr","productBasketType":{"code":"ST","type":"ProductBasketTypeEnum"},"isDrugProduct":false,"savingsAmount":null,"priceNoUnit":"46,90","labels":[],"name":"Instant Ebony Dark Refill"},{"displayVolume":"500g","priceUnit":"kr/st","outOfStock":false,"productLine2":"Löfbergs, 500g","pickupProductLine2":"Löfbergs, 500g","online":true,"code":"100414188_ST","price":"33,90 kr","priceValue":33.9,"image":{"imageType":"PRIMARY","format":"product","url":"https://d2rfo6yapuixuu.cloudfront.net/ha0/hcc/8915198410782/07310050001425.jpg_1491318329803_master_axfood_300","altText":null,"galleryIndex":null,"width":null},"thumbnail":{"imageType":"PRIMARY","format":"thumbnail","url":"https://d2rfo6yapuixuu.cloudfront.net/h4e/hcd/8915198476318/07310050001425.jpg_1491318329803_master_axfood_100","altText":null,"galleryIndex":null,"width":null},"comparePriceUnit":"kg","ranking":0,"manufacturer":"Löfbergs","potentialPromotions":[],"depositPrice":"","averageWeight":null,"incrementValue":1,"comparePrice":"67,80 kr","productBasketType":{"code":"ST","type":"ProductBasketTypeEnum"},"isDrugProduct":false,"savingsAmount":null,"priceNoUnit":"33,90","labels":[],"name":"Mellanrost Vår Klassiska Bryggkaffe"},{"displayVolume":"450g","priceUnit":"kr/st","outOfStock":false,"productLine2":"Löfbergs, 450g","pickupProductLine2":"Löfbergs, 450g","online":true,"code":"101211676_ST","price":"33,90 kr","priceValue":33.9,"image":{"imageType":"PRIMARY","format":"product","url":"https://d2rfo6yapuixuu.cloudfront.net/hf7/h25/8915896926238/07310050001791.jpg_1491502278968_master_axfood_300","altText":null,"galleryIndex":null,"width":null},"thumbnail":{"imageType":"PRIMARY","format":"thumbnail","url":"https://d2rfo6yapuixuu.cloudfront.net/hb8/h26/8915896991774/07310050001791.jpg_1491502278968_master_axfood_100","altText":null,"galleryIndex":null,"width":null},"comparePriceUnit":"kg","ranking":0,"manufacturer":"Löfbergs","potentialPromotions":[],"depositPrice":"","averageWeight":null,"incrementValue":1,"comparePrice":"75,33 kr","productBasketType":{"code":"ST","type":"ProductBasketTypeEnum"},"isDrugProduct":false,"savingsAmount":null,"priceNoUnit":"33,90","labels":["ecological","krav","eu_ecological"],"name":"Mellanrost Eko Bryggkaffe"},{"displayVolume":"500 g","priceUnit":"kr/st","outOfStock":false,"productLine2":"Löfbergs, 500 g","pickupProductLine2":"Löfbergs, 500 g","online":true,"code":"100590969_ST","price":"33,90 kr","priceValue":33.9,"image":{"imageType":"PRIMARY","format":"product","url":"https://d2rfo6yapuixuu.cloudfront.net/h9b/h0e/8915896270878/07310050001494.jpg_1491502262662_master_axfood_300","altText":null,"galleryIndex":null,"width":null},"thumbnail":{"imageType":"PRIMARY","format":"thumbnail","url":"https://d2rfo6yapuixuu.cloudfront.net/h99/h11/8915896336414/07310050001494.jpg_1491502262662_master_axfood_100","altText":null,"galleryIndex":null,"width":null},"comparePriceUnit":"kg","ranking":0,"manufacturer":"Löfbergs","potentialPromotions":[],"depositPrice":"","averageWeight":null,"incrementValue":1,"comparePrice":"67,80 kr","productBasketType":{"code":"ST","type":"ProductBasketTypeEnum"},"isDrugProduct":false,"savingsAmount":null,"priceNoUnit":"33,90","labels":[],"name":"Prezzo Grovmalet Presskaffe"},{"displayVolume":"450g","priceUnit":"kr/st","outOfStock":false,"productLine2":"Löfbergs, 450g","pickupProductLine2":"Löfbergs, 450g","online":true,"code":"101232435_ST","price":"33,90 kr","priceValue":33.9,"image":{"imageType":"PRIMARY","format":"product","url":"https://d2rfo6yapuixuu.cloudfront.net/hcd/h5e/8915895156766/07310050001197.jpg_1491502239468_master_axfood_300","altText":null,"galleryIndex":null,"width":null},"thumbnail":{"imageType":"PRIMARY","format":"thumbnail","url":"https://d2rfo6yapuixuu.cloudfront.net/hbc/h5b/8915895222302/07310050001197.jpg_1491502239468_master_axfood_100","altText":null,"galleryIndex":null,"width":null},"comparePriceUnit":"kg","ranking":0,"manufacturer":"Löfbergs","potentialPromotions":[],"depositPrice":"","averageWeight":null,"incrementValue":1,"comparePrice":"75,33 kr","productBasketType":{"code":"ST","type":"ProductBasketTypeEnum"},"isDrugProduct":false,"savingsAmount":null,"priceNoUnit":"33,90","labels":["ecological","krav","eu_ecological"],"name":"Eko Mörkrost Bryggkaffe"},{"displayVolume":"450 g","priceUnit":"kr/st","outOfStock":false,"productLine2":"Löfbergs, 450 g","pickupProductLine2":"Löfbergs, 450 g","online":true,"code":"101225750_ST","price":"33,90 kr","priceValue":33.9,"image":{"imageType":"PRIMARY","format":"product","url":"https://d2rfo6yapuixuu.cloudfront.net/hc0/h85/8915897647134/07310050001982.jpg_1491502296925_master_axfood_300","altText":null,"galleryIndex":null,"width":null},"thumbnail":{"imageType":"PRIMARY","format":"thumbnail","url":"https://d2rfo6yapuixuu.cloudfront.net/hd0/h88/8915897712670/07310050001982.jpg_1491502296925_master_axfood_100","altText":null,"galleryIndex":null,"width":null},"comparePriceUnit":"kg","ranking":0,"manufacturer":"Löfbergs","potentialPromotions":[],"depositPrice":"","averageWeight":null,"incrementValue":1,"comparePrice":"75,33 kr","productBasketType":{"code":"ST","type":"ProductBasketTypeEnum"},"isDrugProduct":false,"savingsAmount":null,"priceNoUnit":"33,90","labels":[],"name":"Kharisma Mörkrost Bryggkaffe"},{"displayVolume":"450g","priceUnit":"kr/st","outOfStock":false,"productLine2":"Löfbergs, 450g","pickupProductLine2":"Löfbergs, 450g","online":true,"code":"101225749_ST","price":"33,90 kr","priceValue":33.9,"image":{"imageType":"PRIMARY","format":"product","url":"https://d2rfo6yapuixuu.cloudfront.net/h32/h78/8915897253918/07310050001975.jpg_1491502283710_master_axfood_300","altText":null,"galleryIndex":null,"width":null},"thumbnail":{"imageType":"PRIMARY","format":"thumbnail","url":"https://d2rfo6yapuixuu.cloudfront.net/h30/h7b/8915897319454/07310050001975.jpg_1491502283710_master_axfood_100","altText":null,"galleryIndex":null,"width":null},"comparePriceUnit":"kg","ranking":0,"manufacturer":"Löfbergs","potentialPromotions":[],"depositPrice":"","averageWeight":null,"incrementValue":1,"comparePrice":"75,33 kr","productBasketType":{"code":"ST","type":"ProductBasketTypeEnum"},"isDrugProduct":false,"savingsAmount":null,"priceNoUnit":"33,90","labels":[],"name":"Jubileum Lätt Mörkrostad Bryggkaffe"},{"priceNoUnit":"33,90","displayVolume":"500g","code":"100414204_ST","comparePriceUnit":"kg","thumbnail":{"imageType":"PRIMARY","format":"thumbnail","url":"https://d2rfo6yapuixuu.cloudfront.net/h09/h07/8915896008734/07310050001449.jpg_1491502258118_master_axfood_100","altText":null,"galleryIndex":null,"width":null},"priceValue":33.9,"price":"33,90 kr","ranking":0,"image":{"imageType":"PRIMARY","format":"product","url":"https://d2rfo6yapuixuu.cloudfront.net/h9f/h43/8915895943198/07310050001449.jpg_1491502258118_master_axfood_300","altText":null,"galleryIndex":null,"width":null},"manufacturer":"Löfbergs","potentialPromotions":[],"depositPrice":"","averageWeight":null,"incrementValue":1,"comparePrice":"67,80 kr","productBasketType":{"code":"ST","type":"ProductBasketTypeEnum"},"isDrugProduct":false,"priceUnit":"kr/st","outOfStock":false,"productLine2":"Löfbergs, 500g","pickupProductLine2":"Löfbergs, 500g","online":true,"savingsAmount":null,"labels":[],"name":"Mellanmörk Vår Balanserade Bryggkaffe"},{"priceNoUnit":"33,90","displayVolume":"450g","code":"101226074_ST","comparePriceUnit":"kg","thumbnail":{"imageType":"PRIMARY","format":"thumbnail","url":"https://d2rfo6yapuixuu.cloudfront.net/h0c/hdb/8915898040350/07310050001999.jpg_1491502299826_master_axfood_100","altText":null,"galleryIndex":null,"width":null},"priceValue":33.9,"price":"33,90 kr","ranking":0,"image":{"imageType":"PRIMARY","format":"product","url":"https://d2rfo6yapuixuu.cloudfront.net/h4f/h90/8915897974814/07310050001999.jpg_1491502299826_master_axfood_300","altText":null,"galleryIndex":null,"width":null},"manufacturer":"Löfbergs","potentialPromotions":[],"depositPrice":"","averageWeight":null,"incrementValue":1,"comparePrice":"75,33 kr","productBasketType":{"code":"ST","type":"ProductBasketTypeEnum"},"isDrugProduct":false,"priceUnit":"kr/st","outOfStock":false,"productLine2":"Löfbergs, 450g","pickupProductLine2":"Löfbergs, 450g","online":true,"savingsAmount":null,"labels":[],"name":"Cresendo Extra Mörkrostat Bryggkaffe"},{"priceNoUnit":"33,90","displayVolume":"450g","code":"101246982_ST","comparePriceUnit":"kg","thumbnail":{"imageType":"PRIMARY","format":"thumbnail","url":"https://d2rfo6yapuixuu.cloudfront.net/h2e/h4e/8915895615518/07310050001340.jpg_1491502255630_master_axfood_100","altText":null,"galleryIndex":null,"width":null},"priceValue":33.9,"price":"33,90 kr","ranking":0,"image":{"imageType":"PRIMARY","format":"product","url":"https://d2rfo6yapuixuu.cloudfront.net/h40/h51/8915895549982/07310050001340.jpg_1491502255630_master_axfood_300","altText":null,"galleryIndex":null,"width":null},"manufacturer":"Löfbergs","potentialPromotions":[],"depositPrice":"","averageWeight":null,"incrementValue":1,"comparePrice":"75,33 kr","productBasketType":{"code":"ST","type":"ProductBasketTypeEnum"},"isDrugProduct":false,"priceUnit":"kr/st","outOfStock":false,"productLine2":"Löfbergs, 450g","pickupProductLine2":"Löfbergs, 450g","online":true,"savingsAmount":null,"labels":[],"name":"Prezzo Mörkrost Bryggkaffe"},{"priceNoUnit":"44,90","displayVolume":"450g","code":"101211673_ST","comparePriceUnit":"kg","thumbnail":{"imageType":"PRIMARY","format":"thumbnail","url":"https://d2rfo6yapuixuu.cloudfront.net/h29/h1c/8915896664094/07310050001777.jpg_1491502275603_master_axfood_100","altText":null,"galleryIndex":null,"width":null},"priceValue":44.9,"price":"44,90 kr","ranking":0,"image":{"imageType":"PRIMARY","format":"product","url":"https://d2rfo6yapuixuu.cloudfront.net/h17/h19/8915896598558/07310050001777.jpg_1491502275603_master_axfood_300","altText":null,"galleryIndex":null,"width":null},"manufacturer":"Löfbergs","potentialPromotions":[],"depositPrice":"","averageWeight":null,"incrementValue":1,"comparePrice":"99,77 kr","productBasketType":{"code":"ST","type":"ProductBasketTypeEnum"},"isDrugProduct":false,"priceUnit":"kr/st","outOfStock":false,"productLine2":"Löfbergs, 450g","pickupProductLine2":"Löfbergs, 450g","online":true,"savingsAmount":null,"labels":["ecological","krav","eu_ecological","fairtrade"],"name":"Harmoni Mellanrost Bryggkaffe"},{"priceNoUnit":"33,90","displayVolume":"450g","code":"101211667_ST","comparePriceUnit":"kg","thumbnail":{"imageType":"PRIMARY","format":"thumbnail","url":"https://d2rfo6yapuixuu.cloudfront.net/h13/hd4/8915893321758/07310050001760.jpg_1491501941398_master_axfood_100","altText":null,"galleryIndex":null,"width":null},"priceValue":33.9,"price":"33,90 kr","ranking":0,"image":{"imageType":"PRIMARY","format":"product","url":"https://d2rfo6yapuixuu.cloudfront.net/h02/hd1/8915893256222/07310050001760.jpg_1491501941398_master_axfood_300","altText":null,"galleryIndex":null,"width":null},"manufacturer":"Löfbergs","potentialPromotions":[],"depositPrice":"","averageWeight":null,"incrementValue":1,"comparePrice":"75,33 kr","productBasketType":{"code":"ST","type":"ProductBasketTypeEnum"},"isDrugProduct":false,"priceUnit":"kr/st","outOfStock":false,"productLine2":"Löfbergs, 450g","pickupProductLine2":"Löfbergs, 450g","online":true,"savingsAmount":null,"labels":[],"name":"Magnifika Lätt Mökrost  Rainfo Bryggkaffe"},{"priceNoUnit":"48,90","displayVolume":"200g","code":"101201964_ST","comparePriceUnit":"kg","thumbnail":{"imageType":"PRIMARY","format":"thumbnail","url":"https://d2rfo6yapuixuu.cloudfront.net/h8b/h18/8856701763614/07340083409738.jpg_master_axfood_100","altText":null,"galleryIndex":null,"width":null},"priceValue":48.9,"price":"48,90 kr","ranking":0,"image":{"imageType":"PRIMARY","format":"product","url":"https://d2rfo6yapuixuu.cloudfront.net/h7a/h15/8856701698078/07340083409738.jpg_master_axfood_300","altText":null,"galleryIndex":null,"width":null},"manufacturer":"Garant","potentialPromotions":[],"depositPrice":"","averageWeight":null,"incrementValue":1,"comparePrice":"244,50 kr","productBasketType":{"code":"ST","type":"ProductBasketTypeEnum"},"isDrugProduct":false,"priceUnit":"kr/st","outOfStock":false,"productLine2":"Garant, 200g","pickupProductLine2":"Garant, 200g","online":true,"savingsAmount":null,"labels":[],"name":"Snabbkaffe Mellanrost Refill"},{"priceNoUnit":"48,90","displayVolume":"200g","code":"101201965_ST","comparePriceUnit":"kg","thumbnail":{"imageType":"PRIMARY","format":"thumbnail","url":"https://d2rfo6yapuixuu.cloudfront.net/h04/h6a/8856702025758/7340083409745.jpg_master_axfood_100","altText":null,"galleryIndex":null,"width":null},"priceValue":48.9,"price":"48,90 kr","ranking":0,"image":{"imageType":"PRIMARY","format":"product","url":"https://d2rfo6yapuixuu.cloudfront.net/h5b/h1f/8856701960222/7340083409745.jpg_master_axfood_300","altText":null,"galleryIndex":null,"width":null},"manufacturer":"Garant","potentialPromotions":[],"depositPrice":"","averageWeight":null,"incrementValue":1,"comparePrice":"244,50 kr","productBasketType":{"code":"ST","type":"ProductBasketTypeEnum"},"isDrugProduct":false,"priceUnit":"kr/st","outOfStock":false,"productLine2":"Garant, 200g","pickupProductLine2":"Garant, 200g","online":true,"savingsAmount":null,"labels":[],"name":"Snabbkaffe Mörkrost Refill"},{"priceNoUnit":"51,90","displayVolume":"200g","code":"101201962_ST","comparePriceUnit":"kg","thumbnail":{"imageType":"PRIMARY","format":"thumbnail","url":"https://d2rfo6yapuixuu.cloudfront.net/h2b/h07/8856701239326/7340083409721.jpg_master_axfood_100","altText":null,"galleryIndex":null,"width":null},"priceValue":51.9,"price":"51,90 kr","ranking":0,"image":{"imageType":"PRIMARY","format":"product","url":"https://d2rfo6yapuixuu.cloudfront.net/h2d/h04/8856701173790/7340083409721.jpg_master_axfood_300","altText":null,"galleryIndex":null,"width":null},"manufacturer":"Garant","potentialPromotions":[],"depositPrice":"","averageWeight":null,"incrementValue":1,"comparePrice":"259,50 kr","productBasketType":{"code":"ST","type":"ProductBasketTypeEnum"},"isDrugProduct":false,"priceUnit":"kr/st","outOfStock":false,"productLine2":"Garant, 200g","pickupProductLine2":"Garant, 200g","online":true,"savingsAmount":null,"labels":[],"name":"Snabbkaffe Mellanrost Frystorkat"},{"priceNoUnit":"26,90","displayVolume":"100g","code":"101201967_ST","comparePriceUnit":"kg","thumbnail":{"imageType":"PRIMARY","format":"thumbnail","url":"https://d2rfo6yapuixuu.cloudfront.net/h83/h71/8856702287902/7340083409752.jpg_master_axfood_100","altText":null,"galleryIndex":null,"width":null},"priceValue":26.9,"price":"26,90 kr","ranking":0,"image":{"imageType":"PRIMARY","format":"product","url":"https://d2rfo6yapuixuu.cloudfront.net/hd5/h70/8856702222366/7340083409752.jpg_master_axfood_300","altText":null,"galleryIndex":null,"width":null},"manufacturer":"Garant","potentialPromotions":[],"depositPrice":"","averageWeight":null,"incrementValue":1,"comparePrice":"269,00 kr","productBasketType":{"code":"ST","type":"ProductBasketTypeEnum"},"isDrugProduct":false,"priceUnit":"kr/st","outOfStock":false,"productLine2":"Garant, 100g","pickupProductLine2":"Garant, 100g","online":true,"savingsAmount":null,"labels":[],"name":"Snabbkaffe Mellanrost Refill"},{"priceNoUnit":"50,90","displayVolume":"450g","code":"101246961_ST","comparePriceUnit":"kg","thumbnail":{"imageType":"PRIMARY","format":"thumbnail","url":"https://d2rfo6yapuixuu.cloudfront.net/ha4/hf4/8917734424606/07310731101765.jpg_1492008022734_master_axfood_100","altText":null,"galleryIndex":null,"width":null},"priceValue":50.9,"price":"50,90 kr","ranking":0,"image":{"imageType":"PRIMARY","format":"product","url":"https://d2rfo6yapuixuu.cloudfront.net/hb5/hf7/8917734359070/07310731101765.jpg_1492008022734_master_axfood_300","altText":null,"galleryIndex":null,"width":null},"manufacturer":"Zoégas","potentialPromotions":[],"depositPrice":"","averageWeight":null,"incrementValue":1,"comparePrice":"113,10 kr","productBasketType":{"code":"ST","type":"ProductBasketTypeEnum"},"isDrugProduct":false,"priceUnit":"kr/st","outOfStock":false,"productLine2":"Zoégas, 450g","pickupProductLine2":"Zoégas, 450g","online":true,"savingsAmount":null,"labels":[],"name":"Skånerost Hela Bönor"},{"priceNoUnit":"50,90","displayVolume":"450g","code":"101246971_ST","comparePriceUnit":"kg","thumbnail":{"imageType":"PRIMARY","format":"thumbnail","url":"https://d2rfo6yapuixuu.cloudfront.net/h11/h98/8917725052958/07310731101802.jpg_1492007122983_master_axfood_100","altText":null,"galleryIndex":null,"width":null},"priceValue":50.9,"price":"50,90 kr","ranking":0,"image":{"imageType":"PRIMARY","format":"product","url":"https://d2rfo6yapuixuu.cloudfront.net/h55/h4d/8917724987422/07310731101802.jpg_1492007122983_master_axfood_300","altText":null,"galleryIndex":null,"width":null},"manufacturer":"Zoégas","potentialPromotions":[],"depositPrice":"","averageWeight":null,"incrementValue":1,"comparePrice":"113,10 kr","productBasketType":{"code":"ST","type":"ProductBasketTypeEnum"},"isDrugProduct":false,"priceUnit":"kr/st","outOfStock":false,"productLine2":"Zoégas, 450g","pickupProductLine2":"Zoégas, 450g","online":true,"savingsAmount":null,"labels":[],"name":"Mollbergs Blandning Hela Bönor"},{"priceNoUnit":"50,90","displayVolume":"450g","code":"101246941_ST","comparePriceUnit":"kg","thumbnail":{"imageType":"PRIMARY","format":"thumbnail","url":"https://d2rfo6yapuixuu.cloudfront.net/h15/hea/8917734752286/07310731101789.jpg_1492008036172_master_axfood_100","altText":null,"galleryIndex":null,"width":null},"priceValue":50.9,"price":"50,90 kr","ranking":0,"image":{"imageType":"PRIMARY","format":"product","url":"https://d2rfo6yapuixuu.cloudfront.net/h26/hed/8917734686750/07310731101789.jpg_1492008036172_master_axfood_300","altText":null,"galleryIndex":null,"width":null},"manufacturer":"Zoégas","potentialPromotions":[],"depositPrice":"","averageWeight":null,"incrementValue":1,"comparePrice":"113,10 kr","productBasketType":{"code":"ST","type":"ProductBasketTypeEnum"},"isDrugProduct":false,"priceUnit":"kr/st","outOfStock":false,"productLine2":"Zoégas, 450g","pickupProductLine2":"Zoégas, 450g","online":true,"savingsAmount":null,"labels":[],"name":"Intenzo Hela Bönor"},{"priceNoUnit":"50,90","displayVolume":"450g","code":"101246972_ST","comparePriceUnit":"kg","thumbnail":{"imageType":"PRIMARY","format":"thumbnail","url":"https://d2rfo6yapuixuu.cloudfront.net/h96/h5d/8916716617758/07310731101864.jpg_1491811891427_master_axfood_100","altText":null,"galleryIndex":null,"width":null},"priceValue":50.9,"price":"50,90 kr","ranking":0,"image":{"imageType":"PRIMARY","format":"product","url":"https://d2rfo6yapuixuu.cloudfront.net/h98/h5a/8916716552222/07310731101864.jpg_1491811891427_master_axfood_300","altText":null,"galleryIndex":null,"width":null},"manufacturer":"Zoégas","potentialPromotions":[],"depositPrice":"","averageWeight":null,"incrementValue":1,"comparePrice":"113,10 kr","productBasketType":{"code":"ST","type":"ProductBasketTypeEnum"},"isDrugProduct":false,"priceUnit":"kr/st","outOfStock":false,"productLine2":"Zoégas, 450g","pickupProductLine2":"Zoégas, 450g","online":true,"savingsAmount":null,"labels":[],"name":"Espresso Della Casa Hela Bönor"},{"priceNoUnit":"50,90","displayVolume":"450g","code":"101246942_ST","comparePriceUnit":"kg","thumbnail":{"imageType":"PRIMARY","format":"thumbnail","url":"https://d2rfo6yapuixuu.cloudfront.net/hed/h97/8917735079966/07310731101796.jpg_1492008039711_master_axfood_100","altText":null,"galleryIndex":null,"width":null},"priceValue":50.9,"price":"50,90 kr","ranking":0,"image":{"imageType":"PRIMARY","format":"product","url":"https://d2rfo6yapuixuu.cloudfront.net/h9b/h98/8917735014430/07310731101796.jpg_1492008039711_master_axfood_300","altText":null,"galleryIndex":null,"width":null},"manufacturer":"Zoégas","potentialPromotions":[],"depositPrice":"","averageWeight":null,"incrementValue":1,"comparePrice":"113,10 kr","productBasketType":{"code":"ST","type":"ProductBasketTypeEnum"},"isDrugProduct":false,"priceUnit":"kr/st","outOfStock":false,"productLine2":"Zoégas, 450g","pickupProductLine2":"Zoégas, 450g","online":true,"savingsAmount":null,"labels":[],"name":"Blue Java Hela Bönor"},{"priceNoUnit":"59,50","displayVolume":"450 g","code":"101246950_ST","comparePriceUnit":"kg","thumbnail":{"imageType":"PRIMARY","format":"thumbnail","url":"https://d2rfo6yapuixuu.cloudfront.net/hca/h50/8916716290078/07310731101840.jpg_1491811876325_master_axfood_100","altText":null,"galleryIndex":null,"width":null},"priceValue":59.5,"price":"59,50 kr","ranking":0,"image":{"imageType":"PRIMARY","format":"product","url":"https://d2rfo6yapuixuu.cloudfront.net/h09/h50/8916716224542/07310731101840.jpg_1491811876325_master_axfood_300","altText":null,"galleryIndex":null,"width":null},"manufacturer":"Zoégas","potentialPromotions":[],"depositPrice":"","averageWeight":null,"incrementValue":1,"comparePrice":"132,21 kr","productBasketType":{"code":"ST","type":"ProductBasketTypeEnum"},"isDrugProduct":false,"priceUnit":"kr/st","outOfStock":false,"productLine2":"Zoégas, 450 g","pickupProductLine2":"Zoégas, 450 g","online":true,"savingsAmount":null,"labels":["ecological","krav","eu_ecological","fairtrade"],"name":"Hazienda Hela Bönor Kaffe"},{"displayVolume":"250g","priceNoUnit":"31,90","priceUnit":"kr/st","outOfStock":false,"productLine2":"Musetti, 250g","pickupProductLine2":"Musetti, 250g","online":true,"code":"100683155_ST","priceValue":31.9,"price":"31,90 kr","ranking":0,"thumbnail":{"imageType":"PRIMARY","format":"thumbnail","url":"https://d2rfo6yapuixuu.cloudfront.net/h2b/hf0/8855040950302/08004769000327.jpg_master_axfood_100","altText":null,"galleryIndex":null,"width":null},"manufacturer":"Musetti","comparePriceUnit":"kg","image":{"imageType":"PRIMARY","format":"product","url":"https://d2rfo6yapuixuu.cloudfront.net/h1a/hed/8855040884766/08004769000327.jpg_master_axfood_300","altText":null,"galleryIndex":null,"width":null},"potentialPromotions":[],"depositPrice":"","averageWeight":null,"incrementValue":1,"comparePrice":"127,60 kr","productBasketType":{"code":"ST","type":"ProductBasketTypeEnum"},"isDrugProduct":false,"savingsAmount":null,"labels":[],"name":"Espresso Röd Refill"},{"displayVolume":"250g","priceNoUnit":"36,90","priceUnit":"kr/st","outOfStock":false,"productLine2":"Musetti, 250g","pickupProductLine2":"Musetti, 250g","online":true,"code":"100854005_ST","priceValue":36.9,"price":"36,90 kr","ranking":0,"thumbnail":{"imageType":"PRIMARY","format":"thumbnail","url":"https://d2rfo6yapuixuu.cloudfront.net/hba/h14/8855234805790/08004769225812.jpg_master_axfood_100","altText":null,"galleryIndex":null,"width":null},"manufacturer":"Musetti","comparePriceUnit":"kg","image":{"imageType":"PRIMARY","format":"product","url":"https://d2rfo6yapuixuu.cloudfront.net/hbd/h11/8855234740254/08004769225812.jpg_master_axfood_300","altText":null,"galleryIndex":null,"width":null},"potentialPromotions":[],"depositPrice":"","averageWeight":null,"incrementValue":1,"comparePrice":"147,60 kr","productBasketType":{"code":"ST","type":"ProductBasketTypeEnum"},"isDrugProduct":false,"savingsAmount":null,"labels":["fairtrade"],"name":"Espressokaffe"},{"displayVolume":"250g","priceNoUnit":"36,90","priceUnit":"kr/st","outOfStock":false,"productLine2":"Musetti, 250g","pickupProductLine2":"Musetti, 250g","online":true,"code":"101242258_ST","priceValue":36.9,"price":"36,90 kr","ranking":0,"thumbnail":{"imageType":"PRIMARY","format":"thumbnail","url":"https://d2rfo6yapuixuu.cloudfront.net/h2a/hff/8862212325406/08004769225317.jpg_master_axfood_100","altText":null,"galleryIndex":null,"width":null},"manufacturer":"Musetti","comparePriceUnit":"kg","image":{"imageType":"PRIMARY","format":"product","url":"https://d2rfo6yapuixuu.cloudfront.net/hc4/hfd/8862212259870/08004769225317.jpg_master_axfood_300","altText":null,"galleryIndex":null,"width":null},"potentialPromotions":[],"depositPrice":"","averageWeight":null,"incrementValue":1,"comparePrice":"147,60 kr","productBasketType":{"code":"ST","type":"ProductBasketTypeEnum"},"isDrugProduct":false,"savingsAmount":null,"labels":["ecological","eu_ecological"],"name":"Bryggkaffe Bryggkaffe"},{"displayVolume":"16p","priceNoUnit":"51,90","priceUnit":"kr/st","outOfStock":false,"productLine2":"Dolce Gusto, 16p","pickupProductLine2":"Dolce Gusto, 16p","online":true,"code":"101187467_ST","priceValue":51.9,"price":"51,90 kr","ranking":0,"thumbnail":{"imageType":"PRIMARY","format":"thumbnail","url":"https://d2rfo6yapuixuu.cloudfront.net/hf4/h33/8856302190622/7613033174667.jpg_master_axfood_100","altText":null,"galleryIndex":null,"width":null},"manufacturer":"Dolce Gusto","comparePriceUnit":"st","image":{"imageType":"PRIMARY","format":"product","url":"https://d2rfo6yapuixuu.cloudfront.net/hb5/h34/8856302125086/7613033174667.jpg_master_axfood_300","altText":null,"galleryIndex":null,"width":null},"potentialPromotions":[],"depositPrice":"","averageWeight":null,"incrementValue":1,"comparePrice":"3,22 kr","productBasketType":{"code":"ST","type":"ProductBasketTypeEnum"},"isDrugProduct":false,"savingsAmount":null,"labels":[],"name":"Dolce Gusto Z-café Au Lait Pods"},{"displayVolume":"16p","priceNoUnit":"51,90","priceUnit":"kr/st","outOfStock":false,"productLine2":"Dolce Gusto, 16p","pickupProductLine2":"Dolce Gusto, 16p","online":true,"code":"101180888_ST","priceValue":51.9,"price":"51,90 kr","ranking":0,"thumbnail":{"imageType":"PRIMARY","format":"thumbnail","url":"https://d2rfo6yapuixuu.cloudfront.net/hf8/hdb/8856135073822/7613033135873.jpg_master_axfood_100","altText":null,"galleryIndex":null,"width":null},"manufacturer":"Dolce Gusto","comparePriceUnit":"st","image":{"imageType":"PRIMARY","format":"product","url":"https://d2rfo6yapuixuu.cloudfront.net/hb9/hdc/8856135008286/7613033135873.jpg_master_axfood_300","altText":null,"galleryIndex":null,"width":null},"potentialPromotions":[],"depositPrice":"","averageWeight":null,"incrementValue":1,"comparePrice":"3,22 kr","productBasketType":{"code":"ST","type":"ProductBasketTypeEnum"},"isDrugProduct":false,"savingsAmount":null,"labels":[],"name":"Dolce Gusto Z-mollbergs Bland Pods"},{"displayVolume":"16p","priceNoUnit":"51,90","priceUnit":"kr/st","outOfStock":false,"productLine2":"Dolce Gusto, 16p","pickupProductLine2":"Dolce Gusto, 16p","online":true,"code":"101210883_ST","priceValue":51.9,"price":"51,90 kr","ranking":0,"thumbnail":{"imageType":"PRIMARY","format":"thumbnail","url":"https://d2rfo6yapuixuu.cloudfront.net/he9/h14/8857030787102/7613034295675.jpg_master_axfood_100","altText":null,"galleryIndex":null,"width":null},"manufacturer":"Dolce Gusto","comparePriceUnit":"st","image":{"imageType":"PRIMARY","format":"product","url":"https://d2rfo6yapuixuu.cloudfront.net/h98/h15/8857030721566/7613034295675.jpg_master_axfood_300","altText":null,"galleryIndex":null,"width":null},"potentialPromotions":[],"depositPrice":"","averageWeight":null,"incrementValue":1,"comparePrice":"3,22 kr","productBasketType":{"code":"ST","type":"ProductBasketTypeEnum"},"isDrugProduct":false,"savingsAmount":null,"labels":[],"name":"Dolce Gusto Z-skånerost Pods"},{"displayVolume":"16p","priceNoUnit":"51,90","priceUnit":"kr/st","outOfStock":false,"productLine2":"Dolce Gusto, 16p","pickupProductLine2":"Dolce Gusto, 16p","online":true,"code":"101147947_ST","priceValue":51.9,"price":"51,90 kr","ranking":0,"thumbnail":{"imageType":"PRIMARY","format":"thumbnail","url":"https://d2rfo6yapuixuu.cloudfront.net/h00/ha4/8855875485726/7613032913250.jpg_master_axfood_100","altText":null,"galleryIndex":null,"width":null},"manufacturer":"Dolce Gusto","comparePriceUnit":"st","image":{"imageType":"PRIMARY","format":"product","url":"https://d2rfo6yapuixuu.cloudfront.net/h52/ha3/8855875420190/7613032913250.jpg_master_axfood_300","altText":null,"galleryIndex":null,"width":null},"potentialPromotions":[],"depositPrice":"","averageWeight":null,"incrementValue":1,"comparePrice":"3,22 kr","productBasketType":{"code":"ST","type":"ProductBasketTypeEnum"},"isDrugProduct":false,"savingsAmount":null,"labels":[],"name":"Dolce Gusto Grande  Intenso Pods"},{"displayVolume":"8p","priceNoUnit":"51,90","priceUnit":"kr/st","outOfStock":false,"productLine2":"Dolce Gusto, 8p","pickupProductLine2":"Dolce Gusto, 8p","online":true,"code":"101147910_ST","priceValue":51.9,"price":"51,90 kr","ranking":0,"thumbnail":{"imageType":"PRIMARY","format":"thumbnail","url":"https://d2rfo6yapuixuu.cloudfront.net/h82/h9c/8855875223582/5011546498492.jpg_master_axfood_100","altText":null,"galleryIndex":null,"width":null},"manufacturer":"Dolce Gusto","comparePriceUnit":"st","image":{"imageType":"PRIMARY","format":"product","url":"https://d2rfo6yapuixuu.cloudfront.net/h71/h99/8855875158046/5011546498492.jpg_master_axfood_300","altText":null,"galleryIndex":null,"width":null},"potentialPromotions":[],"depositPrice":"","averageWeight":null,"incrementValue":1,"comparePrice":"3,22 kr","productBasketType":{"code":"ST","type":"ProductBasketTypeEnum"},"isDrugProduct":false,"savingsAmount":null,"labels":[],"name":"Dolce Gusto Z-cappuccino Pods"},{"displayVolume":"16p","priceNoUnit":"51,90","priceUnit":"kr/st","outOfStock":false,"productLine2":"Dolce Gusto, 16p","pickupProductLine2":"Dolce Gusto, 16p","online":true,"code":"101193144_ST","priceValue":51.9,"price":"51,90 kr","ranking":0,"thumbnail":{"imageType":"PRIMARY","format":"thumbnail","url":"https://d2rfo6yapuixuu.cloudfront.net/hdb/hde/8856457510942/7613033091414.jpg_master_axfood_100","altText":null,"galleryIndex":null,"width":null},"manufacturer":"Dolce Gusto","comparePriceUnit":"st","image":{"imageType":"PRIMARY","format":"product","url":"https://d2rfo6yapuixuu.cloudfront.net/hba/heb/8856457183262/7613033091414.jpg_master_axfood_300","altText":null,"galleryIndex":null,"width":null},"potentialPromotions":[],"depositPrice":"","averageWeight":null,"incrementValue":1,"comparePrice":"3,22 kr","productBasketType":{"code":"ST","type":"ProductBasketTypeEnum"},"isDrugProduct":false,"savingsAmount":null,"labels":[],"name":"Dolce Gusto Z-espresso Barista Pods"},{"displayVolume":"16p","priceNoUnit":"51,90","priceUnit":"kr/st","outOfStock":false,"productLine2":"Dolce Gusto, 16p","pickupProductLine2":"Dolce Gusto, 16p","online":true,"code":"101147901_ST","priceValue":51.9,"price":"51,90 kr","ranking":0,"thumbnail":{"imageType":"PRIMARY","format":"thumbnail","url":"https://d2rfo6yapuixuu.cloudfront.net/h08/h4b/8855874961438/5011546498386.jpg_master_axfood_100","altText":null,"galleryIndex":null,"width":null},"manufacturer":"Dolce Gusto","comparePriceUnit":"st","image":{"imageType":"PRIMARY","format":"product","url":"https://d2rfo6yapuixuu.cloudfront.net/hf7/h47/8855874895902/5011546498386.jpg_master_axfood_300","altText":null,"galleryIndex":null,"width":null},"potentialPromotions":[],"depositPrice":"","averageWeight":null,"incrementValue":1,"comparePrice":"3,22 kr","productBasketType":{"code":"ST","type":"ProductBasketTypeEnum"},"isDrugProduct":false,"savingsAmount":null,"labels":[],"name":"Dolce Gusto Latte Macchiato Pods"},{"displayVolume":"10p","priceNoUnit":"25,90","priceUnit":"kr/st","outOfStock":false,"productLine2":"Grand Cru, 10p","pickupProductLine2":"Grand Cru, 10p","online":true,"code":"101244974_ST","priceValue":25.9,"price":"25,90 kr","ranking":0,"thumbnail":{"imageType":"PRIMARY","format":"thumbnail","url":"https://d2rfo6yapuixuu.cloudfront.net/h47/hfb/8862364106782/03046401900256.jpg_master_axfood_100","altText":null,"galleryIndex":null,"width":null},"manufacturer":"Grand Cru","comparePriceUnit":"st","image":{"imageType":"PRIMARY","format":"product","url":"https://d2rfo6yapuixuu.cloudfront.net/h45/hfe/8862364041246/03046401900256.jpg_master_axfood_300","altText":null,"galleryIndex":null,"width":null},"potentialPromotions":[],"depositPrice":"","averageWeight":null,"incrementValue":1,"comparePrice":"2,59 kr","productBasketType":{"code":"ST","type":"ProductBasketTypeEnum"},"isDrugProduct":false,"savingsAmount":null,"labels":[],"name":"Exellence Kaffekapslar"},{"displayVolume":"10p","priceNoUnit":"25,90","priceUnit":"kr/st","outOfStock":false,"productLine2":"Grand Cru, 10p","pickupProductLine2":"Grand Cru, 10p","online":true,"code":"101245016_ST","priceValue":25.9,"price":"25,90 kr","ranking":0,"thumbnail":{"imageType":"PRIMARY","format":"thumbnail","url":"https://d2rfo6yapuixuu.cloudfront.net/h68/he2/8862364893214/03046401900263.jpg_master_axfood_100","altText":null,"galleryIndex":null,"width":null},"manufacturer":"Grand Cru","comparePriceUnit":"st","image":{"imageType":"PRIMARY","format":"product","url":"https://d2rfo6yapuixuu.cloudfront.net/h2a/he3/8862364827678/03046401900263.jpg_master_axfood_300","altText":null,"galleryIndex":null,"width":null},"potentialPromotions":[],"depositPrice":"","averageWeight":null,"incrementValue":1,"comparePrice":"2,59 kr","productBasketType":{"code":"ST","type":"ProductBasketTypeEnum"},"isDrugProduct":false,"savingsAmount":null,"labels":[],"name":"Oh La La Kaffekapslar"},{"displayVolume":"10p","priceNoUnit":"25,90","priceUnit":"kr/st","outOfStock":false,"productLine2":"Grand Cru, 10p","pickupProductLine2":"Grand Cru, 10p","online":true,"code":"101244976_ST","priceValue":25.9,"price":"25,90 kr","ranking":0,"thumbnail":{"imageType":"PRIMARY","format":"thumbnail","url":"https://d2rfo6yapuixuu.cloudfront.net/hc9/hf3/8862364368926/03046401900294.jpg_master_axfood_100","altText":null,"galleryIndex":null,"width":null},"manufacturer":"Grand Cru","comparePriceUnit":"st","image":{"imageType":"PRIMARY","format":"product","url":"https://d2rfo6yapuixuu.cloudfront.net/h76/hf4/8862364303390/03046401900294.jpg_master_axfood_300","altText":null,"galleryIndex":null,"width":null},"potentialPromotions":[],"depositPrice":"","averageWeight":null,"incrementValue":1,"comparePrice":"2,59 kr","productBasketType":{"code":"ST","type":"ProductBasketTypeEnum"},"isDrugProduct":false,"savingsAmount":null,"labels":[],"name":"Rendez-vous Kaffekapslar"},{"displayVolume":"10p","priceNoUnit":"25,90","priceUnit":"kr/st","outOfStock":false,"productLine2":"Grand Cru, 10p","pickupProductLine2":"Grand Cru, 10p","online":true,"code":"101244973_ST","priceValue":25.9,"price":"25,90 kr","ranking":0,"thumbnail":{"imageType":"PRIMARY","format":"thumbnail","url":"https://d2rfo6yapuixuu.cloudfront.net/h3e/hb3/8862363844638/03046401900270.jpg_master_axfood_100","altText":null,"galleryIndex":null,"width":null},"manufacturer":"Grand Cru","comparePriceUnit":"st","image":{"imageType":"PRIMARY","format":"product","url":"https://d2rfo6yapuixuu.cloudfront.net/h2e/hb0/8862363779102/03046401900270.jpg_master_axfood_300","altText":null,"galleryIndex":null,"width":null},"potentialPromotions":[],"depositPrice":"","averageWeight":null,"incrementValue":1,"comparePrice":"2,59 kr","productBasketType":{"code":"ST","type":"ProductBasketTypeEnum"},"isDrugProduct":false,"savingsAmount":null,"labels":[],"name":"Cést La Vie Kaffekapslar"},{"displayVolume":"200g","priceNoUnit":"25,90","priceUnit":"kr/st","outOfStock":false,"productLine2":"Eldorado, 200g","pickupProductLine2":"Eldorado, 200g","online":true,"code":"101241371_ST","priceValue":25.9,"price":"25,90 kr","ranking":0,"thumbnail":{"imageType":"PRIMARY","format":"thumbnail","url":"https://d2rfo6yapuixuu.cloudfront.net/hbb/h77/8862145413150/07340083445781.jpg_master_axfood_100","altText":null,"galleryIndex":null,"width":null},"manufacturer":"Eldorado","comparePriceUnit":"kg","image":{"imageType":"PRIMARY","format":"product","url":"https://d2rfo6yapuixuu.cloudfront.net/hcc/h7a/8862145347614/07340083445781.jpg_master_axfood_300","altText":null,"galleryIndex":null,"width":null},"potentialPromotions":[],"depositPrice":"","averageWeight":null,"incrementValue":1,"comparePrice":"129,50 kr","productBasketType":{"code":"ST","type":"ProductBasketTypeEnum"},"isDrugProduct":false,"savingsAmount":null,"labels":[],"name":"Snabbkaffe Mellanrost Pulverkaffe"},{"displayVolume":"150g","priceUnit":"kr/st","outOfStock":false,"productLine2":"Eldorado, 150g","pickupProductLine2":"Eldorado, 150g","online":true,"code":"101241332_ST","price":"19,90 kr","priceValue":19.9,"image":{"imageType":"PRIMARY","format":"product","url":"https://d2rfo6yapuixuu.cloudfront.net/heb/h1e/8862141415454/07340083445774.jpg_master_axfood_300","altText":null,"galleryIndex":null,"width":null},"thumbnail":{"imageType":"PRIMARY","format":"thumbnail","url":"https://d2rfo6yapuixuu.cloudfront.net/h2a/h1e/8862141480990/07340083445774.jpg_master_axfood_100","altText":null,"galleryIndex":null,"width":null},"comparePriceUnit":"kg","ranking":0,"manufacturer":"Eldorado","potentialPromotions":[],"depositPrice":"","averageWeight":null,"incrementValue":1,"comparePrice":"132,67 kr","productBasketType":{"code":"ST","type":"ProductBasketTypeEnum"},"isDrugProduct":false,"savingsAmount":null,"priceNoUnit":"19,90","labels":[],"name":"Snabbkaffe Refillpåse Pulverkaffe"},{"displayVolume":"200g","priceUnit":"kr/st","outOfStock":false,"productLine2":"Eldorado, 200g","pickupProductLine2":"Eldorado, 200g","online":true,"code":"101260358_ST","price":"19,90 kr","priceValue":19.9,"image":{"imageType":"PRIMARY","format":"product","url":"https://d2rfo6yapuixuu.cloudfront.net/hc1/he1/8891894562846/07340083454004.jpg_1484432950032_master_axfood_300","altText":null,"galleryIndex":null,"width":null},"thumbnail":{"imageType":"PRIMARY","format":"thumbnail","url":"https://d2rfo6yapuixuu.cloudfront.net/hbf/he4/8891894628382/07340083454004.jpg_1484432950032_master_axfood_100","altText":null,"galleryIndex":null,"width":null},"comparePriceUnit":"kg","ranking":0,"manufacturer":"Eldorado","potentialPromotions":[],"depositPrice":"","averageWeight":null,"incrementValue":1,"comparePrice":"99,50 kr","productBasketType":{"code":"ST","type":"ProductBasketTypeEnum"},"isDrugProduct":false,"savingsAmount":null,"priceNoUnit":"19,90","labels":[],"name":"Cappuccino Pulver"},{"displayVolume":"225g","priceUnit":"kr/st","outOfStock":false,"productLine2":"Nescafé, 225g","pickupProductLine2":"Nescafé, 225g","online":true,"code":"101217877_ST","price":"34,50 kr","priceValue":34.5,"image":{"imageType":"PRIMARY","format":"product","url":"https://d2rfo6yapuixuu.cloudfront.net/h7e/h8d/8944767991838/07613034532657.jpg_1499178640308_master_axfood_300","altText":null,"galleryIndex":null,"width":null},"thumbnail":{"imageType":"PRIMARY","format":"thumbnail","url":"https://d2rfo6yapuixuu.cloudfront.net/h28/hd8/8944768057374/07613034532657.jpg_1499178640308_master_axfood_100","altText":null,"galleryIndex":null,"width":null},"comparePriceUnit":"kg","ranking":0,"manufacturer":"Nescafé","potentialPromotions":[],"depositPrice":"","averageWeight":null,"incrementValue":1,"comparePrice":"153,32 kr","productBasketType":{"code":"ST","type":"ProductBasketTypeEnum"},"isDrugProduct":false,"savingsAmount":null,"priceNoUnit":"34,50","labels":[],"name":"Cappuccino Snabbkaffe"},{"displayVolume":"100g","priceUnit":"kr/st","outOfStock":false,"productLine2":"Nescafé, 100g","pickupProductLine2":"Nescafé, 100g","online":true,"code":"101269386_ST","price":"55,90 kr","priceValue":55.9,"image":{"imageType":"PRIMARY","format":"product","url":"https://d2rfo6yapuixuu.cloudfront.net/ha7/hfc/8951854104606/07613035850194.jpg_1501371383615_master_axfood_300","altText":null,"galleryIndex":null,"width":null},"thumbnail":{"imageType":"PRIMARY","format":"thumbnail","url":"https://d2rfo6yapuixuu.cloudfront.net/h69/hfd/8951854170142/07613035850194.jpg_1501371383615_master_axfood_100","altText":null,"galleryIndex":null,"width":null},"comparePriceUnit":"kg","ranking":0,"manufacturer":"Nescafé","potentialPromotions":[],"depositPrice":"","averageWeight":null,"incrementValue":1,"comparePrice":"559,00 kr","productBasketType":{"code":"ST","type":"ProductBasketTypeEnum"},"isDrugProduct":false,"savingsAmount":null,"priceNoUnit":"55,90","labels":[],"name":"Azera Espresso"},{"displayVolume":"10p","priceUnit":"kr/st","outOfStock":false,"productLine2":"Nescafé, 10p","pickupProductLine2":"Nescafé, 10p","online":true,"code":"101255036_ST","price":"22,90 kr","priceValue":22.9,"image":{"imageType":"PRIMARY","format":"product","url":"https://d2rfo6yapuixuu.cloudfront.net/h8b/h09/8867978018846/07613033278624.jpg_1467755760990_master_axfood_300","altText":null,"galleryIndex":null,"width":null},"thumbnail":{"imageType":"PRIMARY","format":"thumbnail","url":"https://d2rfo6yapuixuu.cloudfront.net/hc9/h08/8867978084382/07613033278624.jpg_1467755760990_master_axfood_100","altText":null,"galleryIndex":null,"width":null},"comparePriceUnit":"st","ranking":0,"manufacturer":"Nescafé","potentialPromotions":[],"depositPrice":"","averageWeight":null,"incrementValue":1,"comparePrice":"2,29 kr","productBasketType":{"code":"ST","type":"ProductBasketTypeEnum"},"isDrugProduct":false,"savingsAmount":null,"priceNoUnit":"22,90","labels":[],"name":"3in1 My Cup Regular Snabbkaffe Mix"},{"displayVolume":"10 st","priceUnit":"kr/st","outOfStock":false,"productLine2":"Nescafé, 10 st","pickupProductLine2":"Nescafé, 10 st","online":true,"code":"101217956_ST","price":"23,90 kr","priceValue":23.9,"image":{"imageType":"PRIMARY","format":"product","url":"https://d2rfo6yapuixuu.cloudfront.net/hef/h82/8944767664158/07613034532299.jpg_1499178629570_master_axfood_300","altText":null,"galleryIndex":null,"width":null},"thumbnail":{"imageType":"PRIMARY","format":"thumbnail","url":"https://d2rfo6yapuixuu.cloudfront.net/hec/h85/8944767729694/07613034532299.jpg_1499178629570_master_axfood_100","altText":null,"galleryIndex":null,"width":null},"comparePriceUnit":"st","ranking":0,"manufacturer":"Nescafé","potentialPromotions":[],"depositPrice":"","averageWeight":null,"incrementValue":1,"comparePrice":"2,39 kr","productBasketType":{"code":"ST","type":"ProductBasketTypeEnum"},"isDrugProduct":false,"savingsAmount":null,"priceNoUnit":"23,90","labels":[],"name":"Cappuccino Snabbkaffe"},{"displayVolume":"112g","priceUnit":"kr/st","outOfStock":false,"productLine2":"Nescafé, 112g","pickupProductLine2":"Nescafé, 112g","online":true,"code":"101269393_ST","price":"22,90 kr","priceValue":22.9,"image":{"imageType":"PRIMARY","format":"product","url":"https://d2rfo6yapuixuu.cloudfront.net/hb2/hc2/8943589818398/07613035665316.jpg_1498945047043_master_axfood_300","altText":null,"galleryIndex":null,"width":null},"thumbnail":{"imageType":"PRIMARY","format":"thumbnail","url":"https://d2rfo6yapuixuu.cloudfront.net/h73/hc3/8943589883934/07613035665316.jpg_1498945047043_master_axfood_100","altText":null,"galleryIndex":null,"width":null},"comparePriceUnit":"st","ranking":0,"manufacturer":"Nescafé","potentialPromotions":[],"depositPrice":"","averageWeight":null,"incrementValue":1,"comparePrice":"2,86 kr","productBasketType":{"code":"ST","type":"ProductBasketTypeEnum"},"isDrugProduct":false,"savingsAmount":null,"priceNoUnit":"22,90","labels":[],"name":"Ice Coffee"},{"displayVolume":"225g","priceUnit":"kr/st","outOfStock":false,"productLine2":"Nescafé, 225g","pickupProductLine2":"Nescafé, 225g","online":true,"code":"101218113_ST","price":"34,50 kr","priceValue":34.5,"image":{"imageType":"PRIMARY","format":"product","url":"https://d2rfo6yapuixuu.cloudfront.net/hf6/he1/8944768319518/07613034532671.jpg_1499178642313_master_axfood_300","altText":null,"galleryIndex":null,"width":null},"thumbnail":{"imageType":"PRIMARY","format":"thumbnail","url":"https://d2rfo6yapuixuu.cloudfront.net/hb7/he2/8944768385054/07613034532671.jpg_1499178642313_master_axfood_100","altText":null,"galleryIndex":null,"width":null},"comparePriceUnit":"kg","ranking":0,"manufacturer":"Nescafé","potentialPromotions":[],"depositPrice":"","averageWeight":null,"incrementValue":1,"comparePrice":"153,32 kr","productBasketType":{"code":"ST","type":"ProductBasketTypeEnum"},"isDrugProduct":false,"savingsAmount":null,"priceNoUnit":"34,50","labels":[],"name":"Latte Macchiato"},{"displayVolume":"500g","priceUnit":"kr/st","outOfStock":false,"productLine2":"Garant, 500g","pickupProductLine2":"Garant, 500g","online":true,"code":"101175212_ST","price":"30,90 kr","priceValue":30.9,"image":{"imageType":"PRIMARY","format":"product","url":"https://d2rfo6yapuixuu.cloudfront.net/h1e/hac/8855982112798/7311041064788.jpg_master_axfood_300","altText":null,"galleryIndex":null,"width":null},"thumbnail":{"imageType":"PRIMARY","format":"thumbnail","url":"https://d2rfo6yapuixuu.cloudfront.net/h70/hab/8855982178334/7311041064788.jpg_master_axfood_100","altText":null,"galleryIndex":null,"width":null},"comparePriceUnit":"kg","ranking":0,"manufacturer":"Garant","potentialPromotions":[],"depositPrice":"","averageWeight":null,"incrementValue":1,"comparePrice":"61,80 kr","productBasketType":{"code":"ST","type":"ProductBasketTypeEnum"},"isDrugProduct":false,"savingsAmount":null,"priceNoUnit":"30,90","labels":[],"name":"Kokkaffe Mellanrost"},{"displayVolume":"250g","priceUnit":"kr/st","outOfStock":false,"productLine2":"Lavazza, 250g","pickupProductLine2":"Lavazza, 250g","online":true,"code":"100006011_ST","price":"34,50 kr","priceValue":34.5,"image":{"imageType":"PRIMARY","format":"product","url":"https://d2rfo6yapuixuu.cloudfront.net/h5a/hca/8934842466334/08000070036116.jpg_1496828433524_master_axfood_300","altText":null,"galleryIndex":null,"width":null},"thumbnail":{"imageType":"PRIMARY","format":"thumbnail","url":"https://d2rfo6yapuixuu.cloudfront.net/h6a/hcd/8934842531870/08000070036116.jpg_1496828433524_master_axfood_100","altText":null,"galleryIndex":null,"width":null},"comparePriceUnit":"kg","ranking":0,"manufacturer":"Lavazza","potentialPromotions":[],"depositPrice":"","averageWeight":null,"incrementValue":1,"comparePrice":"138,00 kr","productBasketType":{"code":"ST","type":"ProductBasketTypeEnum"},"isDrugProduct":false,"savingsAmount":null,"priceNoUnit":"34,50","labels":[],"name":"Espresso Rossa"},{"displayVolume":"250g","priceUnit":"kr/st","outOfStock":false,"productLine2":"Lavazza, 250g","pickupProductLine2":"Lavazza, 250g","online":true,"code":"100006020_ST","price":"35,50 kr","priceValue":35.5,"image":{"imageType":"PRIMARY","format":"product","url":"https://d2rfo6yapuixuu.cloudfront.net/h7f/hc6/8934850461726/08000070012875.jpg_1496829029704_master_axfood_300","altText":null,"galleryIndex":null,"width":null},"thumbnail":{"imageType":"PRIMARY","format":"thumbnail","url":"https://d2rfo6yapuixuu.cloudfront.net/h7d/hc9/8934850527262/08000070012875.jpg_1496829029704_master_axfood_100","altText":null,"galleryIndex":null,"width":null},"comparePriceUnit":"kg","ranking":0,"manufacturer":"Lavazza","potentialPromotions":[],"depositPrice":"","averageWeight":null,"incrementValue":1,"comparePrice":"142,00 kr","productBasketType":{"code":"ST","type":"ProductBasketTypeEnum"},"isDrugProduct":false,"savingsAmount":null,"priceNoUnit":"35,50","labels":[],"name":"Espresso Nero"},{"displayVolume":"450g","priceUnit":"kr/st","outOfStock":false,"productLine2":"Arvidnordquist, 450g","pickupProductLine2":"Arvidnordquist, 450g","online":true,"code":"101225727_ST","price":"44,90 kr","priceValue":44.9,"image":{"imageType":"PRIMARY","format":"product","url":"https://d2rfo6yapuixuu.cloudfront.net/h0d/h93/8857639682078/7310760012445.jpg_master_axfood_300","altText":null,"galleryIndex":null,"width":null},"thumbnail":{"imageType":"PRIMARY","format":"thumbnail","url":"https://d2rfo6yapuixuu.cloudfront.net/h0b/h96/8857639747614/7310760012445.jpg_master_axfood_100","altText":null,"galleryIndex":null,"width":null},"comparePriceUnit":"kg","ranking":0,"manufacturer":"Arvidnordquist","potentialPromotions":[],"depositPrice":"","averageWeight":null,"incrementValue":1,"comparePrice":"99,77 kr","productBasketType":{"code":"ST","type":"ProductBasketTypeEnum"},"isDrugProduct":false,"savingsAmount":null,"priceNoUnit":"44,90","labels":["ecological","krav","eu_ecological","fairtrade"],"name":"Reko Mörkrost An Selection"},{"displayVolume":"450g","priceUnit":"kr/st","outOfStock":false,"productLine2":"Arvidnordquist, 450g","pickupProductLine2":"Arvidnordquist, 450g","online":true,"code":"101225746_ST","price":"44,90 kr","priceValue":44.9,"image":{"imageType":"PRIMARY","format":"product","url":"https://d2rfo6yapuixuu.cloudfront.net/h85/h52/8857640730654/7310760012438.jpg_master_axfood_300","altText":null,"galleryIndex":null,"width":null},"thumbnail":{"imageType":"PRIMARY","format":"thumbnail","url":"https://d2rfo6yapuixuu.cloudfront.net/hd6/h51/8857640796190/7310760012438.jpg_master_axfood_100","altText":null,"galleryIndex":null,"width":null},"comparePriceUnit":"kg","ranking":0,"manufacturer":"Arvidnordquist","potentialPromotions":[],"depositPrice":"","averageWeight":null,"incrementValue":1,"comparePrice":"99,77 kr","productBasketType":{"code":"ST","type":"ProductBasketTypeEnum"},"isDrugProduct":false,"savingsAmount":null,"priceNoUnit":"44,90","labels":["ecological","krav","eu_ecological","fairtrade"],"name":"Eco Mellanmörk An Selection"},{"displayVolume":"450g","priceUnit":"kr/st","outOfStock":false,"productLine2":"Arvidnordquist, 450g","pickupProductLine2":"Arvidnordquist, 450g","online":true,"code":"101240922_ST","price":"44,90 kr","priceValue":44.9,"image":{"imageType":"PRIMARY","format":"product","url":"https://d2rfo6yapuixuu.cloudfront.net/h51/h53/8862118346782/07310760012506.jpg_master_axfood_300","altText":null,"galleryIndex":null,"width":null},"thumbnail":{"imageType":"PRIMARY","format":"thumbnail","url":"https://d2rfo6yapuixuu.cloudfront.net/h62/h56/8862118412318/07310760012506.jpg_master_axfood_100","altText":null,"galleryIndex":null,"width":null},"comparePriceUnit":"kg","ranking":0,"manufacturer":"Arvidnordquist","potentialPromotions":[],"depositPrice":"","averageWeight":null,"incrementValue":1,"comparePrice":"99,77 kr","productBasketType":{"code":"ST","type":"ProductBasketTypeEnum"},"isDrugProduct":false,"savingsAmount":null,"priceNoUnit":"44,90","labels":["ecological","krav","eu_ecological"],"name":"Solid Ekologisk Mellanrost An Selection"},{"displayVolume":"450g","priceUnit":"kr/st","outOfStock":false,"productLine2":"Lindvalls, 450g","pickupProductLine2":"Lindvalls, 450g","online":true,"code":"101255079_ST","price":"30,90 kr","priceValue":30.9,"image":{"imageType":"PRIMARY","format":"product","url":"https://d2rfo6yapuixuu.cloudfront.net/h45/h81/8870503874590/07310831020034.jpg_1471821091284_master_axfood_300","altText":null,"galleryIndex":null,"width":null},"thumbnail":{"imageType":"PRIMARY","format":"thumbnail","url":"https://d2rfo6yapuixuu.cloudfront.net/h34/h7e/8870503940126/07310831020034.jpg_1471821091284_master_axfood_100","altText":null,"galleryIndex":null,"width":null},"comparePriceUnit":"kg","ranking":0,"manufacturer":"Lindvalls","potentialPromotions":[],"depositPrice":"","averageWeight":null,"incrementValue":1,"comparePrice":"68,66 kr","productBasketType":{"code":"ST","type":"ProductBasketTypeEnum"},"isDrugProduct":false,"savingsAmount":null,"priceNoUnit":"30,90","labels":[],"name":"Mellanrost Bryggkaffe"},{"priceNoUnit":"30,90","displayVolume":"450g","code":"101255040_ST","comparePriceUnit":"kg","thumbnail":{"imageType":"PRIMARY","format":"thumbnail","url":"https://d2rfo6yapuixuu.cloudfront.net/h0c/h2c/8870504267806/07310831020072.jpg_1471821094326_master_axfood_100","altText":null,"galleryIndex":null,"width":null},"priceValue":30.9,"price":"30,90 kr","ranking":0,"image":{"imageType":"PRIMARY","format":"product","url":"https://d2rfo6yapuixuu.cloudfront.net/hba/h2c/8870504202270/07310831020072.jpg_1471821094326_master_axfood_300","altText":null,"galleryIndex":null,"width":null},"manufacturer":"Lindvalls","potentialPromotions":[],"depositPrice":"","averageWeight":null,"incrementValue":1,"comparePrice":"68,66 kr","productBasketType":{"code":"ST","type":"ProductBasketTypeEnum"},"isDrugProduct":false,"priceUnit":"kr/st","outOfStock":false,"productLine2":"Lindvalls, 450g","pickupProductLine2":"Lindvalls, 450g","online":true,"savingsAmount":null,"labels":[],"name":"Tricolore Bryggkaffe"},{"priceNoUnit":"30,90","displayVolume":"450g","code":"101255020_ST","comparePriceUnit":"kg","thumbnail":{"imageType":"PRIMARY","format":"thumbnail","url":"https://d2rfo6yapuixuu.cloudfront.net/ha3/h95/8870503284766/07310831020058.jpg_1471820752612_master_axfood_100","altText":null,"galleryIndex":null,"width":null},"priceValue":30.9,"price":"30,90 kr","ranking":0,"image":{"imageType":"PRIMARY","format":"product","url":"https://d2rfo6yapuixuu.cloudfront.net/h64/h96/8870503219230/07310831020058.jpg_1471820752612_master_axfood_300","altText":null,"galleryIndex":null,"width":null},"manufacturer":"Lindvalls","potentialPromotions":[],"depositPrice":"","averageWeight":null,"incrementValue":1,"comparePrice":"68,66 kr","productBasketType":{"code":"ST","type":"ProductBasketTypeEnum"},"isDrugProduct":false,"priceUnit":"kr/st","outOfStock":false,"productLine2":"Lindvalls, 450g","pickupProductLine2":"Lindvalls, 450g","online":true,"savingsAmount":null,"labels":[],"name":"Mörkrost Bryggkaffe"},{"priceNoUnit":"49,90","displayVolume":"500g","code":"101261181_ST","comparePriceUnit":"kg","thumbnail":{"imageType":"PRIMARY","format":"thumbnail","url":"https://d2rfo6yapuixuu.cloudfront.net/h53/hf3/8896109314078/08711000537817.jpg_1485650276128_master_axfood_100","altText":null,"galleryIndex":null,"width":null},"priceValue":49.9,"price":"49,90 kr","ranking":0,"image":{"imageType":"PRIMARY","format":"product","url":"https://d2rfo6yapuixuu.cloudfront.net/h65/hf6/8896109248542/08711000537817.jpg_1485650276128_master_axfood_300","altText":null,"galleryIndex":null,"width":null},"manufacturer":"Gevalia","potentialPromotions":[],"depositPrice":"","averageWeight":null,"incrementValue":1,"comparePrice":"99,80 kr","productBasketType":{"code":"ST","type":"ProductBasketTypeEnum"},"isDrugProduct":false,"priceUnit":"kr/st","outOfStock":false,"productLine2":"Gevalia, 500g","pickupProductLine2":"Gevalia, 500g","online":true,"savingsAmount":null,"labels":[],"name":"Mellanrost Hela Bönor"},{"priceNoUnit":"49,90","displayVolume":"500g","code":"101262490_ST","comparePriceUnit":"kg","thumbnail":{"imageType":"PRIMARY","format":"thumbnail","url":"https://d2rfo6yapuixuu.cloudfront.net/h21/hb8/8896108986398/08711000537787.jpg_1485650273718_master_axfood_100","altText":null,"galleryIndex":null,"width":null},"priceValue":49.9,"price":"49,90 kr","ranking":0,"image":{"imageType":"PRIMARY","format":"product","url":"https://d2rfo6yapuixuu.cloudfront.net/h72/hb7/8896108920862/08711000537787.jpg_1485650273718_master_axfood_300","altText":null,"galleryIndex":null,"width":null},"manufacturer":"Gevalia","potentialPromotions":[],"depositPrice":"","averageWeight":null,"incrementValue":1,"comparePrice":"99,80 kr","productBasketType":{"code":"ST","type":"ProductBasketTypeEnum"},"isDrugProduct":false,"priceUnit":"kr/st","outOfStock":false,"productLine2":"Gevalia, 500g","pickupProductLine2":"Gevalia, 500g","online":true,"savingsAmount":null,"labels":[],"name":"Mörkrost Hela Bönor"},{"priceNoUnit":"59,90","displayVolume":"500g","code":"101225760_ST","comparePriceUnit":"kg","thumbnail":{"imageType":"PRIMARY","format":"thumbnail","url":"https://d2rfo6yapuixuu.cloudfront.net/hf0/he7/8891739439134/07310760040684.jpg_1484430675633_master_axfood_100","altText":null,"galleryIndex":null,"width":null},"priceValue":59.9,"price":"59,90 kr","ranking":0,"image":{"imageType":"PRIMARY","format":"product","url":"https://d2rfo6yapuixuu.cloudfront.net/hf2/he4/8891739373598/07310760040684.jpg_1484430675633_master_axfood_300","altText":null,"galleryIndex":null,"width":null},"manufacturer":"Arvidnordquist","potentialPromotions":[],"depositPrice":"","averageWeight":null,"incrementValue":1,"comparePrice":"119,80 kr","productBasketType":{"code":"ST","type":"ProductBasketTypeEnum"},"isDrugProduct":false,"priceUnit":"kr/st","outOfStock":false,"productLine2":"Arvidnordquist, 500g","pickupProductLine2":"Arvidnordquist, 500g","online":true,"savingsAmount":null,"labels":["ecological","krav","eu_ecological","fairtrade"],"name":"Giusto Espresso Hela Bönor"},{"priceNoUnit":"49,90","displayVolume":"450g","code":"101225699_ST","comparePriceUnit":"kg","thumbnail":{"imageType":"PRIMARY","format":"thumbnail","url":"https://d2rfo6yapuixuu.cloudfront.net/he4/h21/8857638436894/7310760012469.jpg_master_axfood_100","altText":null,"galleryIndex":null,"width":null},"priceValue":49.9,"price":"49,90 kr","ranking":0,"image":{"imageType":"PRIMARY","format":"product","url":"https://d2rfo6yapuixuu.cloudfront.net/he6/h1e/8857638371358/7310760012469.jpg_master_axfood_300","altText":null,"galleryIndex":null,"width":null},"manufacturer":"Arvidnordquist","potentialPromotions":[],"depositPrice":"","averageWeight":null,"incrementValue":1,"comparePrice":"110,88 kr","productBasketType":{"code":"ST","type":"ProductBasketTypeEnum"},"isDrugProduct":false,"priceUnit":"kr/st","outOfStock":false,"productLine2":"Arvidnordquist, 450g","pickupProductLine2":"Arvidnordquist, 450g","online":true,"savingsAmount":null,"labels":["ecological","krav","eu_ecological","fairtrade"],"name":"Reko Mörkrost Hela Bönor"},{"priceNoUnit":"49,90","displayVolume":"450g","code":"101232441_ST","comparePriceUnit":"kg","thumbnail":{"imageType":"PRIMARY","format":"thumbnail","url":"https://d2rfo6yapuixuu.cloudfront.net/h7f/h8f/8861674471454/07310760012483.jpg_master_axfood_100","altText":null,"galleryIndex":null,"width":null},"priceValue":49.9,"price":"49,90 kr","ranking":0,"image":{"imageType":"PRIMARY","format":"product","url":"https://d2rfo6yapuixuu.cloudfront.net/h41/h90/8861674405918/07310760012483.jpg_master_axfood_300","altText":null,"galleryIndex":null,"width":null},"manufacturer":"Arvidnordquist","potentialPromotions":[],"depositPrice":"","averageWeight":null,"incrementValue":1,"comparePrice":"110,88 kr","productBasketType":{"code":"ST","type":"ProductBasketTypeEnum"},"isDrugProduct":false,"priceUnit":"kr/st","outOfStock":false,"productLine2":"Arvidnordquist, 450g","pickupProductLine2":"Arvidnordquist, 450g","online":true,"savingsAmount":null,"labels":["ecological","krav","eu_ecological","fairtrade"],"name":"Eco Mellanmörk Hela Bönor"},{"priceNoUnit":"49,90","displayVolume":"450g","code":"101261326_ST","comparePriceUnit":"kg","thumbnail":{"imageType":"PRIMARY","format":"thumbnail","url":"https://d2rfo6yapuixuu.cloudfront.net/h59/h53/8891862974494/07310760012544.jpg_1484432562520_master_axfood_100","altText":null,"galleryIndex":null,"width":null},"priceValue":49.9,"price":"49,90 kr","ranking":0,"image":{"imageType":"PRIMARY","format":"product","url":"https://d2rfo6yapuixuu.cloudfront.net/h1b/h54/8891862908958/07310760012544.jpg_1484432562520_master_axfood_300","altText":null,"galleryIndex":null,"width":null},"manufacturer":"Arvidnordquist","potentialPromotions":[],"depositPrice":"","averageWeight":null,"incrementValue":1,"comparePrice":"110,88 kr","productBasketType":{"code":"ST","type":"ProductBasketTypeEnum"},"isDrugProduct":false,"priceUnit":"kr/st","outOfStock":false,"productLine2":"Arvidnordquist, 450g","pickupProductLine2":"Arvidnordquist, 450g","online":true,"savingsAmount":null,"labels":["ecological","krav","eu_ecological","fairtrade"],"name":"Amigas Hela Bönor"},{"priceNoUnit":"45,50","displayVolume":"16p","code":"101254904_ST","comparePriceUnit":"st","thumbnail":{"imageType":"PRIMARY","format":"thumbnail","url":"https://d2rfo6yapuixuu.cloudfront.net/h8f/h49/8935658749982/08711000504956.jpg_1496991661951_master_axfood_100","altText":null,"galleryIndex":null,"width":null},"priceValue":45.5,"price":"45,50 kr","ranking":0,"image":{"imageType":"PRIMARY","format":"product","url":"https://d2rfo6yapuixuu.cloudfront.net/h8d/h4c/8935658684446/08711000504956.jpg_1496991661951_master_axfood_300","altText":null,"galleryIndex":null,"width":null},"manufacturer":"Tassimo","potentialPromotions":[],"depositPrice":"","averageWeight":null,"incrementValue":1,"comparePrice":"2,82 kr","productBasketType":{"code":"ST","type":"ProductBasketTypeEnum"},"isDrugProduct":false,"priceUnit":"kr/st","outOfStock":false,"productLine2":"Tassimo, 16p","pickupProductLine2":"Tassimo, 16p","online":true,"savingsAmount":null,"labels":[],"name":"Tassimo Original Mellanrost Pods"},{"priceNoUnit":"45,50","displayVolume":"16p","code":"101254933_ST","comparePriceUnit":"st","thumbnail":{"imageType":"PRIMARY","format":"thumbnail","url":"https://d2rfo6yapuixuu.cloudfront.net/h0b/h54/8935658422302/08711000502846.jpg_1496991656291_master_axfood_100","altText":null,"galleryIndex":null,"width":null},"priceValue":45.5,"price":"45,50 kr","ranking":0,"image":{"imageType":"PRIMARY","format":"product","url":"https://d2rfo6yapuixuu.cloudfront.net/h1d/h57/8935658356766/08711000502846.jpg_1496991656291_master_axfood_300","altText":null,"galleryIndex":null,"width":null},"manufacturer":"Tassimo","potentialPromotions":[],"depositPrice":"","averageWeight":null,"incrementValue":1,"comparePrice":"2,82 kr","productBasketType":{"code":"ST","type":"ProductBasketTypeEnum"},"isDrugProduct":false,"priceUnit":"kr/st","outOfStock":false,"productLine2":"Tassimo, 16p","pickupProductLine2":"Tassimo, 16p","online":true,"savingsAmount":null,"labels":[],"name":"Tassimo Ebony Mörkrost Pods"},{"priceNoUnit":"45,50","displayVolume":"16p","code":"101254926_ST","comparePriceUnit":"st","thumbnail":{"imageType":"PRIMARY","format":"thumbnail","url":"https://d2rfo6yapuixuu.cloudfront.net/hb5/hbd/8935657439262/08711000501429.jpg_1496991643830_master_axfood_100","altText":null,"galleryIndex":null,"width":null},"priceValue":45.5,"price":"45,50 kr","ranking":0,"image":{"imageType":"PRIMARY","format":"product","url":"https://d2rfo6yapuixuu.cloudfront.net/hb4/hc0/8935657373726/08711000501429.jpg_1496991643830_master_axfood_300","altText":null,"galleryIndex":null,"width":null},"manufacturer":"Tassimo","potentialPromotions":[],"depositPrice":"","averageWeight":null,"incrementValue":1,"comparePrice":"2,82 kr","productBasketType":{"code":"ST","type":"ProductBasketTypeEnum"},"isDrugProduct":false,"priceUnit":"kr/st","outOfStock":false,"productLine2":"Tassimo, 16p","pickupProductLine2":"Tassimo, 16p","online":true,"savingsAmount":null,"labels":[],"name":"Tassimo Mörkrost Pods"},{"priceNoUnit":"45,50","displayVolume":"16p","code":"101254893_ST","comparePriceUnit":"st","thumbnail":{"imageType":"PRIMARY","format":"thumbnail","url":"https://d2rfo6yapuixuu.cloudfront.net/h26/hb3/8935657766942/08711000502105.jpg_1496991650965_master_axfood_100","altText":null,"galleryIndex":null,"width":null},"priceValue":45.5,"price":"45,50 kr","ranking":0,"image":{"imageType":"PRIMARY","format":"product","url":"https://d2rfo6yapuixuu.cloudfront.net/hd4/hb3/8935657701406/08711000502105.jpg_1496991650965_master_axfood_300","altText":null,"galleryIndex":null,"width":null},"manufacturer":"Tassimo","potentialPromotions":[],"depositPrice":"","averageWeight":null,"incrementValue":1,"comparePrice":"2,82 kr","productBasketType":{"code":"ST","type":"ProductBasketTypeEnum"},"isDrugProduct":false,"priceUnit":"kr/st","outOfStock":false,"productLine2":"Tassimo, 16p","pickupProductLine2":"Tassimo, 16p","online":true,"savingsAmount":null,"labels":[],"name":"Tassimo Espresso Pods"},{"priceNoUnit":"45,50","displayVolume":"8p","code":"101254894_ST","comparePriceUnit":"st","thumbnail":{"imageType":"PRIMARY","format":"thumbnail","url":"https://d2rfo6yapuixuu.cloudfront.net/h32/hc8/8935657111582/08711000500965.jpg_1496991640168_master_axfood_100","altText":null,"galleryIndex":null,"width":null},"priceValue":45.5,"price":"45,50 kr","ranking":0,"image":{"imageType":"PRIMARY","format":"product","url":"https://d2rfo6yapuixuu.cloudfront.net/h43/hcb/8935657046046/08711000500965.jpg_1496991640168_master_axfood_300","altText":null,"galleryIndex":null,"width":null},"manufacturer":"Tassimo","potentialPromotions":[],"depositPrice":"","averageWeight":null,"incrementValue":1,"comparePrice":"5,69 kr","productBasketType":{"code":"ST","type":"ProductBasketTypeEnum"},"isDrugProduct":false,"priceUnit":"kr/st","outOfStock":false,"productLine2":"Tassimo, 8p","pickupProductLine2":"Tassimo, 8p","online":true,"savingsAmount":null,"labels":[],"name":"Tassimo Cappuccino Pods"},{"priceNoUnit":"52,50","displayVolume":"8p","code":"101254887_ST","comparePriceUnit":"st","thumbnail":{"imageType":"PRIMARY","format":"thumbnail","url":"https://d2rfo6yapuixuu.cloudfront.net/hab/h08/8935659077662/08711000505076.jpg_1496991664597_master_axfood_100","altText":null,"galleryIndex":null,"width":null},"priceValue":52.5,"price":"52,50 kr","ranking":0,"image":{"imageType":"PRIMARY","format":"product","url":"https://d2rfo6yapuixuu.cloudfront.net/hfd/h07/8935659012126/08711000505076.jpg_1496991664597_master_axfood_300","altText":null,"galleryIndex":null,"width":null},"manufacturer":"Tassimo","potentialPromotions":[],"depositPrice":"","averageWeight":null,"incrementValue":1,"comparePrice":"6,56 kr","productBasketType":{"code":"ST","type":"ProductBasketTypeEnum"},"isDrugProduct":false,"priceUnit":"kr/st","outOfStock":false,"productLine2":"Tassimo, 8p","pickupProductLine2":"Tassimo, 8p","online":true,"savingsAmount":null,"labels":[],"name":"Tassimo Latte Macchiato Pods"},{"priceNoUnit":"39,90","displayVolume":"600g","code":"100797050_ST","comparePriceUnit":"kg","thumbnail":{"imageType":"PRIMARY","format":"thumbnail","url":"https://d2rfo6yapuixuu.cloudfront.net/hf4/h1b/8855145545758/03870007014518.jpg_master_axfood_100","altText":null,"galleryIndex":null,"width":null},"priceValue":39.9,"price":"39,90 kr","ranking":0,"image":{"imageType":"PRIMARY","format":"product","url":"https://d2rfo6yapuixuu.cloudfront.net/hf6/h18/8855145480222/03870007014518.jpg_master_axfood_300","altText":null,"galleryIndex":null,"width":null},"manufacturer":"Vispak","potentialPromotions":[],"depositPrice":"","averageWeight":null,"incrementValue":1,"comparePrice":"66,51 kr","productBasketType":{"code":"ST","type":"ProductBasketTypeEnum"},"isDrugProduct":false,"priceUnit":"kr/st","outOfStock":false,"productLine2":"Vispak, 600g","pickupProductLine2":"Vispak, 600g","online":true,"savingsAmount":null,"labels":[],"name":"Kaffe Kokkaffe"},{"savingsAmount":null,"displayVolume":"80st","priceNoUnit":"16,90","priceUnit":"kr/st","outOfStock":false,"productLine2":"Melitta, 80st","pickupProductLine2":"Melitta, 80st","online":true,"code":"100220413_ST","priceValue":16.9,"price":"16,90 kr","thumbnail":{"imageType":"PRIMARY","format":"thumbnail","url":"https://d2rfo6yapuixuu.cloudfront.net/h54/h59/8854330605598/4006508200450.jpg_master_axfood_100","altText":null,"galleryIndex":null,"width":null},"comparePriceUnit":"st","ranking":0,"potentialPromotions":[],"depositPrice":"","averageWeight":null,"incrementValue":1,"comparePrice":"0,20 kr","productBasketType":{"code":"ST","type":"ProductBasketTypeEnum"},"isDrugProduct":false,"image":{"imageType":"PRIMARY","format":"product","url":"https://d2rfo6yapuixuu.cloudfront.net/h52/h5c/8854330540062/4006508200450.jpg_master_axfood_300","altText":null,"galleryIndex":null,"width":null},"manufacturer":"Melitta","labels":["swan"],"name":"Kaffefilter 1x4 Vit"},{"savingsAmount":null,"displayVolume":"80st","priceNoUnit":"16,90","priceUnit":"kr/st","outOfStock":false,"productLine2":"Melitta, 80st","pickupProductLine2":"Melitta, 80st","online":true,"code":"100220093_ST","priceValue":16.9,"price":"16,90 kr","thumbnail":{"imageType":"PRIMARY","format":"thumbnail","url":"https://d2rfo6yapuixuu.cloudfront.net/hf0/h6c/8854330081310/4006508122394.jpg_master_axfood_100","altText":null,"galleryIndex":null,"width":null},"comparePriceUnit":"st","ranking":0,"potentialPromotions":[],"depositPrice":"","averageWeight":null,"incrementValue":1,"comparePrice":"0,20 kr","productBasketType":{"code":"ST","type":"ProductBasketTypeEnum"},"isDrugProduct":false,"image":{"imageType":"PRIMARY","format":"product","url":"https://d2rfo6yapuixuu.cloudfront.net/hb2/h6d/8854330015774/4006508122394.jpg_master_axfood_300","altText":null,"galleryIndex":null,"width":null},"manufacturer":"Melitta","labels":["swan"],"name":"Kaffefilter 1x4 Oblekt"},{"savingsAmount":null,"displayVolume":"80st","priceNoUnit":"22,90","priceUnit":"kr/st","outOfStock":false,"productLine2":"Melitta, 80st","pickupProductLine2":"Melitta, 80st","online":true,"code":"100969720_ST","priceValue":22.9,"price":"22,90 kr","thumbnail":{"imageType":"PRIMARY","format":"thumbnail","url":"https://d2rfo6yapuixuu.cloudfront.net/h34/hf1/8855410376734/4006508190751.jpg_master_axfood_100","altText":null,"galleryIndex":null,"width":null},"comparePriceUnit":"st","ranking":0,"potentialPromotions":[],"depositPrice":"","averageWeight":null,"incrementValue":1,"comparePrice":"0,27 kr","productBasketType":{"code":"ST","type":"ProductBasketTypeEnum"},"isDrugProduct":false,"image":{"imageType":"PRIMARY","format":"product","url":"https://d2rfo6yapuixuu.cloudfront.net/he2/hf1/8855410311198/4006508190751.jpg_master_axfood_300","altText":null,"galleryIndex":null,"width":null},"manufacturer":"Melitta","labels":["swan"],"name":"Kaffefilter 1x4 Gourmet"},{"savingsAmount":null,"displayVolume":"6p","priceNoUnit":"23,90","priceUnit":"kr/st","outOfStock":false,"productLine2":"Melitta, 6p","pickupProductLine2":"Melitta, 6p","online":true,"code":"101004191_ST","priceValue":23.9,"price":"23,90 kr","thumbnail":{"imageType":"PRIMARY","format":"thumbnail","url":"https://d2rfo6yapuixuu.cloudfront.net/h68/h4c/8876913197086/04006508192632.jpg_1477176656965_master_axfood_100","altText":null,"galleryIndex":null,"width":null},"comparePriceUnit":"st","ranking":0,"potentialPromotions":[],"depositPrice":"","averageWeight":null,"incrementValue":1,"comparePrice":"3,99 kr","productBasketType":{"code":"ST","type":"ProductBasketTypeEnum"},"isDrugProduct":false,"image":{"imageType":"PRIMARY","format":"product","url":"https://d2rfo6yapuixuu.cloudfront.net/hba/h4b/8876913131550/04006508192632.jpg_1477176656965_master_axfood_300","altText":null,"galleryIndex":null,"width":null},"manufacturer":"Melitta","labels":["warning","exclamation_mark"],"name":"Anti Calc Avkalkare Filterkaffebryggare"},{"savingsAmount":null,"displayVolume":"80st","priceNoUnit":"16,90","priceUnit":"kr/st","outOfStock":false,"productLine2":"Melitta, 80st","pickupProductLine2":"Melitta, 80st","online":true,"code":"100220075_ST","priceValue":16.9,"price":"16,90 kr","thumbnail":{"imageType":"PRIMARY","format":"thumbnail","url":"https://d2rfo6yapuixuu.cloudfront.net/h0c/h96/8854329819166/4006508114863.jpg_master_axfood_100","altText":null,"galleryIndex":null,"width":null},"comparePriceUnit":"st","ranking":0,"potentialPromotions":[],"depositPrice":"","averageWeight":null,"incrementValue":1,"comparePrice":"0,20 kr","productBasketType":{"code":"ST","type":"ProductBasketTypeEnum"},"isDrugProduct":false,"image":{"imageType":"PRIMARY","format":"product","url":"https://d2rfo6yapuixuu.cloudfront.net/h0e/h93/8854329753630/4006508114863.jpg_master_axfood_300","altText":null,"galleryIndex":null,"width":null},"manufacturer":"Melitta","labels":["swan"],"name":"Kaffefilter 102 Vit"},{"savingsAmount":null,"displayVolume":"80st","priceNoUnit":"22,90","priceUnit":"kr/st","outOfStock":false,"productLine2":"Melitta, 80st","pickupProductLine2":"Melitta, 80st","online":true,"code":"101218009_ST","priceValue":22.9,"price":"22,90 kr","thumbnail":{"imageType":"PRIMARY","format":"thumbnail","url":"https://d2rfo6yapuixuu.cloudfront.net/h3d/h74/8857283887134/04006508208821.jpg_master_axfood_100","altText":null,"galleryIndex":null,"width":null},"comparePriceUnit":"st","ranking":0,"potentialPromotions":[],"depositPrice":"","averageWeight":null,"incrementValue":1,"comparePrice":"0,27 kr","productBasketType":{"code":"ST","type":"ProductBasketTypeEnum"},"isDrugProduct":false,"image":{"imageType":"PRIMARY","format":"product","url":"https://d2rfo6yapuixuu.cloudfront.net/heb/h74/8857283821598/04006508208821.jpg_master_axfood_300","altText":null,"galleryIndex":null,"width":null},"manufacturer":"Melitta","labels":["swan"],"name":"Kaffefilter 1x4 Gourmet Vita"},{"savingsAmount":null,"displayVolume":"80st","priceNoUnit":"23,90","priceUnit":"kr/st","outOfStock":false,"productLine2":"Melitta, 80st","pickupProductLine2":"Melitta, 80st","online":true,"code":"101261354_ST","priceValue":23.9,"price":"23,90 kr","thumbnail":{"imageType":"PRIMARY","format":"thumbnail","url":"https://d2rfo6yapuixuu.cloudfront.net/h98/h14/8943512027166/04006508191154.jpg_1498942525531_master_axfood_100","altText":null,"galleryIndex":null,"width":null},"comparePriceUnit":"st","ranking":0,"potentialPromotions":[],"depositPrice":"","averageWeight":null,"incrementValue":1,"comparePrice":"0,29 kr","productBasketType":{"code":"ST","type":"ProductBasketTypeEnum"},"isDrugProduct":false,"image":{"imageType":"PRIMARY","format":"product","url":"https://d2rfo6yapuixuu.cloudfront.net/h11/h36/8943511961630/04006508191154.jpg_1498942525531_master_axfood_300","altText":null,"galleryIndex":null,"width":null},"manufacturer":"Melitta","labels":["swan"],"name":"Kaffefilter Natura Oblekt 1x4"},{"savingsAmount":null,"displayVolume":"100p","priceNoUnit":"9,95","priceUnit":"kr/st","outOfStock":false,"productLine2":"Fixa, 100p","pickupProductLine2":"Fixa, 100p","online":true,"code":"101260207_ST","priceValue":9.95,"price":"9,95 kr","thumbnail":{"imageType":"PRIMARY","format":"thumbnail","url":"https://d2rfo6yapuixuu.cloudfront.net/h60/h32/8892397223966/07340083454240.jpg_1484562698483_master_axfood_100","altText":null,"galleryIndex":null,"width":null},"comparePriceUnit":"st","ranking":0,"potentialPromotions":[],"depositPrice":"","averageWeight":null,"incrementValue":1,"comparePrice":"0,10 kr","productBasketType":{"code":"ST","type":"ProductBasketTypeEnum"},"isDrugProduct":false,"image":{"imageType":"PRIMARY","format":"product","url":"https://d2rfo6yapuixuu.cloudfront.net/h4f/h2f/8892397158430/07340083454240.jpg_1484562698483_master_axfood_300","altText":null,"galleryIndex":null,"width":null},"manufacturer":"Fixa","labels":["swan"],"name":"Kaffefilter 1x4 Oblekt"},{"savingsAmount":null,"displayVolume":"100p","priceNoUnit":"9,95","priceUnit":"kr/st","outOfStock":true,"productLine2":"Fixa, 100p","pickupProductLine2":"Fixa, 100p","online":true,"code":"101260288_ST","priceValue":9.95,"price":"9,95 kr","thumbnail":{"imageType":"PRIMARY","format":"thumbnail","url":"https://d2rfo6yapuixuu.cloudfront.net/hd7/hb3/8891874836510/07340083454257.jpg_1484432732590_master_axfood_100","altText":null,"galleryIndex":null,"width":null},"comparePriceUnit":"st","ranking":0,"potentialPromotions":[],"depositPrice":"","averageWeight":null,"incrementValue":1,"comparePrice":"0,10 kr","productBasketType":{"code":"ST","type":"ProductBasketTypeEnum"},"isDrugProduct":false,"image":{"imageType":"PRIMARY","format":"product","url":"https://d2rfo6yapuixuu.cloudfront.net/hd5/hb6/8891874770974/07340083454257.jpg_1484432732590_master_axfood_300","altText":null,"galleryIndex":null,"width":null},"manufacturer":"Fixa","labels":["swan"],"name":"Kaffefilter 1x4 Vit"},{"savingsAmount":null,"displayVolume":"10p","priceNoUnit":"18,95","priceUnit":"kr/st","outOfStock":false,"productLine2":"Gevalia, 10p","pickupProductLine2":"Gevalia, 10p","online":true,"code":"101246934_ST","priceValue":18.95,"price":"18,95 kr","thumbnail":{"imageType":"PRIMARY","format":"thumbnail","url":"https://d2rfo6yapuixuu.cloudfront.net/h67/h3f/8862471192606/08711000510940.jpg_master_axfood_100","altText":null,"galleryIndex":null,"width":null},"comparePriceUnit":"st","ranking":0,"potentialPromotions":[],"depositPrice":"","averageWeight":null,"incrementValue":1,"comparePrice":"1,90 kr","productBasketType":{"code":"ST","type":"ProductBasketTypeEnum"},"isDrugProduct":false,"image":{"imageType":"PRIMARY","format":"product","url":"https://d2rfo6yapuixuu.cloudfront.net/h28/h40/8862471127070/08711000510940.jpg_master_axfood_300","altText":null,"galleryIndex":null,"width":null},"manufacturer":"Gevalia","labels":[],"name":"Cappuccino Original"},{"savingsAmount":null,"displayVolume":"100g","priceNoUnit":"38,90","priceUnit":"kr/st","outOfStock":false,"productLine2":"Löfbergs, 100g","pickupProductLine2":"Löfbergs, 100g","online":true,"code":"101207174_ST","priceValue":38.9,"price":"38,90 kr","thumbnail":{"imageType":"PRIMARY","format":"thumbnail","url":"https://d2rfo6yapuixuu.cloudfront.net/h23/h88/8856896077854/07310050003375.jpg_master_axfood_100","altText":null,"galleryIndex":null,"width":null},"comparePriceUnit":"kg","ranking":0,"potentialPromotions":[],"depositPrice":"","averageWeight":null,"incrementValue":1,"comparePrice":"389,00 kr","productBasketType":{"code":"ST","type":"ProductBasketTypeEnum"},"isDrugProduct":false,"image":{"imageType":"PRIMARY","format":"product","url":"https://d2rfo6yapuixuu.cloudfront.net/h75/h87/8856896012318/07310050003375.jpg_master_axfood_300","altText":null,"galleryIndex":null,"width":null},"manufacturer":"Löfbergs","labels":["ecological","krav","eu_ecological","fairtrade"],"name":"Harmoni Instant Cofee"},{"savingsAmount":null,"displayVolume":"500g","priceNoUnit":"36,90","priceUnit":"kr/st","outOfStock":false,"productLine2":"Classic, 500g","pickupProductLine2":"Classic, 500g","online":true,"code":"100002667_ST","priceValue":36.9,"price":"36,90 kr","thumbnail":{"imageType":"PRIMARY","format":"thumbnail","url":"https://d2rfo6yapuixuu.cloudfront.net/he8/hce/8853986344990/7310760012889.jpg_master_axfood_100","altText":null,"galleryIndex":null,"width":null},"comparePriceUnit":"kg","ranking":0,"potentialPromotions":[],"depositPrice":"","averageWeight":null,"incrementValue":1,"comparePrice":"73,80 kr","productBasketType":{"code":"ST","type":"ProductBasketTypeEnum"},"isDrugProduct":false,"image":{"imageType":"PRIMARY","format":"product","url":"https://d2rfo6yapuixuu.cloudfront.net/hf9/hd1/8853986279454/7310760012889.jpg_master_axfood_300","altText":null,"galleryIndex":null,"width":null},"manufacturer":"Classic","labels":[],"name":"Kok Mellanrost Kok Kaffe"},{"savingsAmount":null,"displayVolume":"450g","priceNoUnit":"32,80","priceUnit":"kr/st","outOfStock":false,"productLine2":"Gevalia, 450g","pickupProductLine2":"Gevalia, 450g","online":true,"code":"101261204_ST","priceValue":32.8,"price":"32,80 kr","thumbnail":{"imageType":"PRIMARY","format":"thumbnail","url":"https://d2rfo6yapuixuu.cloudfront.net/h85/h98/8896108003358/08711000530085.jpg_1485650265824_master_axfood_100","altText":null,"galleryIndex":null,"width":null},"comparePriceUnit":"kg","ranking":0,"potentialPromotions":[],"depositPrice":"","averageWeight":null,"incrementValue":1,"comparePrice":"72,88 kr","productBasketType":{"code":"ST","type":"ProductBasketTypeEnum"},"isDrugProduct":false,"image":{"imageType":"PRIMARY","format":"product","url":"https://d2rfo6yapuixuu.cloudfront.net/hc8/h4d/8896107937822/08711000530085.jpg_1485650265824_master_axfood_300","altText":null,"galleryIndex":null,"width":null},"manufacturer":"Gevalia","labels":[],"name":"Brygg Mellanrost Bryggkaffe"},{"savingsAmount":null,"displayVolume":"425g","priceNoUnit":"36,80","priceUnit":"kr/st","outOfStock":false,"productLine2":"Gevalia, 425g","pickupProductLine2":"Gevalia, 425g","online":true,"code":"101261452_ST","priceValue":36.8,"price":"36,80 kr","thumbnail":{"imageType":"PRIMARY","format":"thumbnail","url":"https://d2rfo6yapuixuu.cloudfront.net/hac/hfe/8896120651806/08711000537411.jpg_1485650814554_master_axfood_100","altText":null,"galleryIndex":null,"width":null},"comparePriceUnit":"kg","ranking":0,"potentialPromotions":[],"depositPrice":"","averageWeight":null,"incrementValue":1,"comparePrice":"86,59 kr","productBasketType":{"code":"ST","type":"ProductBasketTypeEnum"},"isDrugProduct":false,"image":{"imageType":"PRIMARY","format":"product","url":"https://d2rfo6yapuixuu.cloudfront.net/h9b/hfb/8896120586270/08711000537411.jpg_1485650814554_master_axfood_300","altText":null,"galleryIndex":null,"width":null},"manufacturer":"Gevalia","labels":["ecological","krav","eu_ecological"],"name":"Ecologico Mellanrost Bryggkaffe"},{"savingsAmount":null,"displayVolume":"425g","priceNoUnit":"36,80","priceUnit":"kr/st","outOfStock":false,"productLine2":"Gevalia, 425g","pickupProductLine2":"Gevalia, 425g","online":true,"code":"101261085_ST","priceValue":36.8,"price":"36,80 kr","thumbnail":{"imageType":"PRIMARY","format":"thumbnail","url":"https://d2rfo6yapuixuu.cloudfront.net/h9d/h1c/8896127664158/08711000537466.jpg_1485651153670_master_axfood_100","altText":null,"galleryIndex":null,"width":null},"comparePriceUnit":"kg","ranking":0,"potentialPromotions":[],"depositPrice":"","averageWeight":null,"incrementValue":1,"comparePrice":"86,59 kr","productBasketType":{"code":"ST","type":"ProductBasketTypeEnum"},"isDrugProduct":false,"image":{"imageType":"PRIMARY","format":"product","url":"https://d2rfo6yapuixuu.cloudfront.net/haf/h1f/8896127598622/08711000537466.jpg_1485651153670_master_axfood_300","altText":null,"galleryIndex":null,"width":null},"manufacturer":"Gevalia","labels":["ecological","krav","eu_ecological"],"name":"Ecologico Mörkrost Bryggkaffe"},{"code":"101261133_ST","priceValue":33.4,"price":"33,40 kr","thumbnail":{"imageType":"PRIMARY","format":"thumbnail","url":"https://d2rfo6yapuixuu.cloudfront.net/h51/h67/8891806547998/08711000537725.jpg_1484431780569_master_axfood_100","altText":null,"galleryIndex":null,"width":null},"ranking":0,"comparePriceUnit":"kg","image":{"imageType":"PRIMARY","format":"product","url":"https://d2rfo6yapuixuu.cloudfront.net/h53/h64/8891806482462/08711000537725.jpg_1484431780569_master_axfood_300","altText":null,"galleryIndex":null,"width":null},"manufacturer":"Gevalia","potentialPromotions":[],"depositPrice":"","averageWeight":null,"incrementValue":1,"comparePrice":"78,59 kr","productBasketType":{"code":"ST","type":"ProductBasketTypeEnum"},"isDrugProduct":false,"savingsAmount":null,"displayVolume":"425g","priceNoUnit":"33,40","priceUnit":"kr/st","outOfStock":false,"productLine2":"Gevalia, 425g","pickupProductLine2":"Gevalia, 425g","online":true,"labels":[],"name":"Colombia Mellanrost Bryggkaffe"},{"code":"101261468_ST","priceValue":33.4,"price":"33,40 kr","thumbnail":{"imageType":"PRIMARY","format":"thumbnail","url":"https://d2rfo6yapuixuu.cloudfront.net/h0e/h12/8896127991838/08711000537527.jpg_1485651155664_master_axfood_100","altText":null,"galleryIndex":null,"width":null},"ranking":0,"comparePriceUnit":"kg","image":{"imageType":"PRIMARY","format":"product","url":"https://d2rfo6yapuixuu.cloudfront.net/hcf/h12/8896127926302/08711000537527.jpg_1485651155664_master_axfood_300","altText":null,"galleryIndex":null,"width":null},"manufacturer":"Gevalia","potentialPromotions":[],"depositPrice":"","averageWeight":null,"incrementValue":1,"comparePrice":"78,59 kr","productBasketType":{"code":"ST","type":"ProductBasketTypeEnum"},"isDrugProduct":false,"savingsAmount":null,"displayVolume":"425g","priceNoUnit":"33,40","priceUnit":"kr/st","outOfStock":false,"productLine2":"Gevalia, 425g","pickupProductLine2":"Gevalia, 425g","online":true,"labels":[],"name":"Milea Mellanrost Bryggkaffe"},{"code":"101261197_ST","priceValue":32.8,"price":"32,80 kr","thumbnail":{"imageType":"PRIMARY","format":"thumbnail","url":"https://d2rfo6yapuixuu.cloudfront.net/h96/h3e/8896114032670/08711000530207.jpg_1485650489828_master_axfood_100","altText":null,"galleryIndex":null,"width":null},"ranking":0,"comparePriceUnit":"kg","image":{"imageType":"PRIMARY","format":"product","url":"https://d2rfo6yapuixuu.cloudfront.net/h52/h89/8896113967134/08711000530207.jpg_1485650489828_master_axfood_300","altText":null,"galleryIndex":null,"width":null},"manufacturer":"Gevalia","potentialPromotions":[],"depositPrice":"","averageWeight":null,"incrementValue":1,"comparePrice":"72,88 kr","productBasketType":{"code":"ST","type":"ProductBasketTypeEnum"},"isDrugProduct":false,"savingsAmount":null,"displayVolume":"450g","priceNoUnit":"32,80","priceUnit":"kr/st","outOfStock":false,"productLine2":"Gevalia, 450g","pickupProductLine2":"Gevalia, 450g","online":true,"labels":[],"name":"El-brygg Mellanrost Bryggkaffe"},{"code":"101261148_ST","priceValue":43.5,"price":"43,50 kr","thumbnail":{"imageType":"PRIMARY","format":"thumbnail","url":"https://d2rfo6yapuixuu.cloudfront.net/hd7/hf6/8896120979486/08711000537497.jpg_1485650816662_master_axfood_100","altText":null,"galleryIndex":null,"width":null},"ranking":0,"comparePriceUnit":"kg","image":{"imageType":"PRIMARY","format":"product","url":"https://d2rfo6yapuixuu.cloudfront.net/h85/hf7/8896120913950/08711000537497.jpg_1485650816662_master_axfood_300","altText":null,"galleryIndex":null,"width":null},"manufacturer":"Gevalia","potentialPromotions":[],"depositPrice":"","averageWeight":null,"incrementValue":1,"comparePrice":"102,36 kr","productBasketType":{"code":"ST","type":"ProductBasketTypeEnum"},"isDrugProduct":false,"savingsAmount":null,"displayVolume":"425g","priceNoUnit":"43,50","priceUnit":"kr/st","outOfStock":false,"productLine2":"Gevalia, 425g","pickupProductLine2":"Gevalia, 425g","online":true,"labels":[],"name":"Koffeinfritt Mellanrost Bryggkaffe"},{"code":"101261136_ST","priceValue":32.8,"price":"32,80 kr","thumbnail":{"imageType":"PRIMARY","format":"thumbnail","url":"https://d2rfo6yapuixuu.cloudfront.net/h15/ha3/8896108331038/08711000530252.jpg_1485650267758_master_axfood_100","altText":null,"galleryIndex":null,"width":null},"ranking":0,"comparePriceUnit":"kg","image":{"imageType":"PRIMARY","format":"product","url":"https://d2rfo6yapuixuu.cloudfront.net/h04/ha0/8896108265502/08711000530252.jpg_1485650267758_master_axfood_300","altText":null,"galleryIndex":null,"width":null},"manufacturer":"Gevalia","potentialPromotions":[],"depositPrice":"","averageWeight":null,"incrementValue":1,"comparePrice":"72,88 kr","productBasketType":{"code":"ST","type":"ProductBasketTypeEnum"},"isDrugProduct":false,"savingsAmount":null,"displayVolume":"450g","priceNoUnit":"32,80","priceUnit":"kr/st","outOfStock":false,"productLine2":"Gevalia, 450g","pickupProductLine2":"Gevalia, 450g","online":true,"labels":[],"name":"Bistro Mellanrost Bryggkaffe"},{"code":"101261228_ST","priceValue":9.95,"price":"9,95 kr","thumbnail":{"imageType":"PRIMARY","format":"thumbnail","url":"https://d2rfo6yapuixuu.cloudfront.net/h24/hfa/8900989550622/07340083455285.jpg_1487086567677_master_axfood_100","altText":null,"galleryIndex":null,"width":null},"ranking":0,"comparePriceUnit":"st","image":{"imageType":"PRIMARY","format":"product","url":"https://d2rfo6yapuixuu.cloudfront.net/h13/hf7/8900989485086/07340083455285.jpg_1487086567677_master_axfood_300","altText":null,"galleryIndex":null,"width":null},"manufacturer":"Eldorado","potentialPromotions":[],"depositPrice":"","averageWeight":null,"incrementValue":1,"comparePrice":"0,05 kr","productBasketType":{"code":"ST","type":"ProductBasketTypeEnum"},"isDrugProduct":false,"savingsAmount":null,"displayVolume":"200p","priceNoUnit":"9,95","priceUnit":"kr/st","outOfStock":false,"productLine2":"Eldorado, 200p","pickupProductLine2":"Eldorado, 200p","online":true,"labels":["swan"],"name":"Kaffefilter 1x4"},{"code":"101261186_ST","priceValue":9.95,"price":"9,95 kr","thumbnail":{"imageType":"PRIMARY","format":"thumbnail","url":"https://d2rfo6yapuixuu.cloudfront.net/h94/hef/8900989222942/07340083455278.jpg_1487086565884_master_axfood_100","altText":null,"galleryIndex":null,"width":null},"ranking":0,"comparePriceUnit":"st","image":{"imageType":"PRIMARY","format":"product","url":"https://d2rfo6yapuixuu.cloudfront.net/h83/hec/8900989157406/07340083455278.jpg_1487086565884_master_axfood_300","altText":null,"galleryIndex":null,"width":null},"manufacturer":"Eldorado","potentialPromotions":[],"depositPrice":"","averageWeight":null,"incrementValue":1,"comparePrice":"0,05 kr","productBasketType":{"code":"ST","type":"ProductBasketTypeEnum"},"isDrugProduct":false,"savingsAmount":null,"displayVolume":"200p","priceNoUnit":"9,95","priceUnit":"kr/st","outOfStock":false,"productLine2":"Eldorado, 200p","pickupProductLine2":"Eldorado, 200p","online":true,"labels":["swan"],"name":"Kaffefilter 1x2"},{"code":"100302986_ST","priceValue":32.5,"price":"32,50 kr","thumbnail":{"imageType":"PRIMARY","format":"thumbnail","url":"https://d2rfo6yapuixuu.cloudfront.net/hd4/h18/8854475440158/22644006361.jpg_master_axfood_100","altText":null,"galleryIndex":null,"width":null},"ranking":0,"comparePriceUnit":"kg","image":{"imageType":"PRIMARY","format":"product","url":"https://d2rfo6yapuixuu.cloudfront.net/hc3/h15/8854475374622/22644006361.jpg_master_axfood_300","altText":null,"galleryIndex":null,"width":null},"manufacturer":"Najjar","potentialPromotions":[],"depositPrice":"","averageWeight":null,"incrementValue":1,"comparePrice":"162,50 kr","productBasketType":{"code":"ST","type":"ProductBasketTypeEnum"},"isDrugProduct":false,"savingsAmount":null,"displayVolume":"200g","priceNoUnit":"32,50","priceUnit":"kr/st","outOfStock":false,"productLine2":"Najjar, 200g","pickupProductLine2":"Najjar, 200g","online":true,"labels":[],"name":"Kaffe med Kardemumma"},{"code":"100302995_ST","priceValue":32.5,"price":"32,50 kr","thumbnail":{"imageType":"PRIMARY","format":"thumbnail","url":"https://d2rfo6yapuixuu.cloudfront.net/ha2/h22/8854475702302/22644006354.jpg_master_axfood_100","altText":null,"galleryIndex":null,"width":null},"ranking":0,"comparePriceUnit":"kg","image":{"imageType":"PRIMARY","format":"product","url":"https://d2rfo6yapuixuu.cloudfront.net/h91/h1f/8854475636766/22644006354.jpg_master_axfood_300","altText":null,"galleryIndex":null,"width":null},"manufacturer":"Najjar","potentialPromotions":[],"depositPrice":"","averageWeight":null,"incrementValue":1,"comparePrice":"162,50 kr","productBasketType":{"code":"ST","type":"ProductBasketTypeEnum"},"isDrugProduct":false,"savingsAmount":null,"displayVolume":"200g","priceNoUnit":"32,50","priceUnit":"kr/st","outOfStock":false,"productLine2":"Najjar, 200g","pickupProductLine2":"Najjar, 200g","online":true,"labels":[],"name":"Kaffe"},{"code":"100414160_ST","priceValue":33.9,"price":"33,90 kr","thumbnail":{"imageType":"PRIMARY","format":"thumbnail","url":"https://d2rfo6yapuixuu.cloudfront.net/h89/h7f/8915892994078/07310050001418.jpg_1491501934213_master_axfood_100","altText":null,"galleryIndex":null,"width":null},"ranking":0,"comparePriceUnit":"kg","image":{"imageType":"PRIMARY","format":"product","url":"https://d2rfo6yapuixuu.cloudfront.net/hc7/h7e/8915892928542/07310050001418.jpg_1491501934213_master_axfood_300","altText":null,"galleryIndex":null,"width":null},"manufacturer":"Löfbergs","potentialPromotions":[],"depositPrice":"","averageWeight":null,"incrementValue":1,"comparePrice":"67,80 kr","productBasketType":{"code":"ST","type":"ProductBasketTypeEnum"},"isDrugProduct":false,"savingsAmount":null,"displayVolume":"500g","priceNoUnit":"33,90","priceUnit":"kr/st","outOfStock":false,"productLine2":"Löfbergs, 500g","pickupProductLine2":"Löfbergs, 500g","online":true,"labels":[],"name":"Kokkaffe Mellanrost Kokkaffe"},{"code":"101202342_ST","priceValue":49.9,"price":"49,90 kr","thumbnail":{"imageType":"PRIMARY","format":"thumbnail","url":"https://d2rfo6yapuixuu.cloudfront.net/h3e/h59/8856713101342/07310050005935.jpg_master_axfood_100","altText":null,"galleryIndex":null,"width":null},"ranking":0,"comparePriceUnit":"st","image":{"imageType":"PRIMARY","format":"product","url":"https://d2rfo6yapuixuu.cloudfront.net/h50/h5c/8856713035806/07310050005935.jpg_master_axfood_300","altText":null,"galleryIndex":null,"width":null},"manufacturer":"Löfbergs","potentialPromotions":[],"depositPrice":"","averageWeight":null,"incrementValue":1,"comparePrice":"3,09 kr","productBasketType":{"code":"ST","type":"ProductBasketTypeEnum"},"isDrugProduct":false,"savingsAmount":null,"displayVolume":"16p","priceNoUnit":"49,90","priceUnit":"kr/st","outOfStock":false,"productLine2":"Löfbergs, 16p","pickupProductLine2":"Löfbergs, 16p","online":true,"labels":[],"name":"Kharisma Mörkrost Kapslar"},{"code":"101241584_ST","priceValue":49.9,"price":"49,90 kr","thumbnail":{"imageType":"PRIMARY","format":"thumbnail","url":"https://d2rfo6yapuixuu.cloudfront.net/hd5/h7e/8862161469470/7310050006031.jpg_master_axfood_100","altText":null,"galleryIndex":null,"width":null},"ranking":0,"comparePriceUnit":"st","image":{"imageType":"PRIMARY","format":"product","url":"https://d2rfo6yapuixuu.cloudfront.net/h84/h7f/8862161403934/7310050006031.jpg_master_axfood_300","altText":null,"galleryIndex":null,"width":null},"manufacturer":"Löfbergs","potentialPromotions":[],"depositPrice":"","averageWeight":null,"incrementValue":1,"comparePrice":"3,09 kr","productBasketType":{"code":"ST","type":"ProductBasketTypeEnum"},"isDrugProduct":false,"savingsAmount":null,"displayVolume":"16p","priceNoUnit":"49,90","priceUnit":"kr/st","outOfStock":false,"productLine2":"Löfbergs, 16p","pickupProductLine2":"Löfbergs, 16p","online":true,"labels":[],"name":"Intense Espresso Kapsel"},{"code":"101218081_ST","priceValue":52.5,"price":"52,50 kr","thumbnail":{"imageType":"PRIMARY","format":"thumbnail","url":"https://d2rfo6yapuixuu.cloudfront.net/hb8/h85/8857291489310/07310050005959.jpg_master_axfood_100","altText":null,"galleryIndex":null,"width":null},"ranking":0,"comparePriceUnit":"st","image":{"imageType":"PRIMARY","format":"product","url":"https://d2rfo6yapuixuu.cloudfront.net/h66/h86/8857291423774/07310050005959.jpg_master_axfood_300","altText":null,"galleryIndex":null,"width":null},"manufacturer":"Löfbergs","potentialPromotions":[],"depositPrice":"","averageWeight":null,"incrementValue":1,"comparePrice":"3,26 kr","productBasketType":{"code":"ST","type":"ProductBasketTypeEnum"},"isDrugProduct":false,"savingsAmount":null,"displayVolume":"16st","priceNoUnit":"52,50","priceUnit":"kr/st","outOfStock":false,"productLine2":"Löfbergs, 16st","pickupProductLine2":"Löfbergs, 16st","online":true,"labels":["ecological","eu_ecological","fairtrade"],"name":"Mellanrost Ekologisk Kapslar"},{"code":"101178518_ST","priceValue":32.9,"price":"32,90 kr","thumbnail":{"imageType":"PRIMARY","format":"thumbnail","url":"https://d2rfo6yapuixuu.cloudfront.net/hd1/h73/8856073404446/7392617110221.jpg_master_axfood_100","altText":null,"galleryIndex":null,"width":null},"ranking":0,"comparePriceUnit":"st","image":{"imageType":"PRIMARY","format":"product","url":"https://d2rfo6yapuixuu.cloudfront.net/hbf/h70/8856073338910/7392617110221.jpg_master_axfood_300","altText":null,"galleryIndex":null,"width":null},"manufacturer":"Scan Filter","potentialPromotions":[],"depositPrice":"","averageWeight":null,"incrementValue":1,"comparePrice":"32,90 kr","productBasketType":{"code":"ST","type":"ProductBasketTypeEnum"},"isDrugProduct":false,"savingsAmount":null,"displayVolume":"250p","priceNoUnit":"32,90","priceUnit":"kr/st","outOfStock":false,"productLine2":"Scan Filter, 250p","pickupProductLine2":"Scan Filter, 250p","online":true,"labels":["swan"],"name":"Filter Kaffe Oblekt 110mm"},{"code":"101269633_ST","priceValue":38.9,"price":"38,90 kr","thumbnail":{"imageType":"PRIMARY","format":"thumbnail","url":"https://d2rfo6yapuixuu.cloudfront.net/he4/hb8/8943589556254/07350085150026.jpg_1498945042077_master_axfood_100","altText":null,"galleryIndex":null,"width":null},"ranking":0,"comparePriceUnit":"kg","image":{"imageType":"PRIMARY","format":"product","url":"https://d2rfo6yapuixuu.cloudfront.net/he5/hb5/8943589490718/07350085150026.jpg_1498945042077_master_axfood_300","altText":null,"galleryIndex":null,"width":null},"manufacturer":"Cafégo","potentialPromotions":[],"depositPrice":"","averageWeight":null,"incrementValue":1,"comparePrice":"86,44 kr","productBasketType":{"code":"ST","type":"ProductBasketTypeEnum"},"isDrugProduct":false,"savingsAmount":null,"displayVolume":"450g","priceNoUnit":"38,90","priceUnit":"kr/st","outOfStock":false,"productLine2":"Cafégo, 450g","pickupProductLine2":"Cafégo, 450g","online":true,"labels":[],"name":"Kaffe Triple Mountain"},{"displayVolume":"450g","priceUnit":"kr/st","outOfStock":false,"productLine2":"Cafégo, 450g","pickupProductLine2":"Cafégo, 450g","online":true,"code":"101269622_ST","price":"38,90 kr","priceValue":38.9,"image":{"imageType":"PRIMARY","format":"product","url":"https://d2rfo6yapuixuu.cloudfront.net/hd1/h31/8943561637918/07350085150033.jpg_1498944237169_master_axfood_300","altText":null,"galleryIndex":null,"width":null},"thumbnail":{"imageType":"PRIMARY","format":"thumbnail","url":"https://d2rfo6yapuixuu.cloudfront.net/hc0/h2e/8943561703454/07350085150033.jpg_1498944237169_master_axfood_100","altText":null,"galleryIndex":null,"width":null},"comparePriceUnit":"kg","ranking":0,"manufacturer":"Cafégo","potentialPromotions":[],"depositPrice":"","averageWeight":null,"incrementValue":1,"comparePrice":"86,44 kr","productBasketType":{"code":"ST","type":"ProductBasketTypeEnum"},"isDrugProduct":false,"savingsAmount":null,"priceNoUnit":"38,90","labels":[],"name":"Kaffe Volcanic Blend"},{"displayVolume":"450g","priceUnit":"kr/st","outOfStock":false,"productLine2":"Gevalia, 450g","pickupProductLine2":"Gevalia, 450g","online":true,"code":"101261205_ST","price":"32,80 kr","priceValue":32.8,"image":{"imageType":"PRIMARY","format":"product","url":"https://d2rfo6yapuixuu.cloudfront.net/h41/h74/8896090898462/08711000530153.jpg_1485649631114_master_axfood_300","altText":null,"galleryIndex":null,"width":null},"thumbnail":{"imageType":"PRIMARY","format":"thumbnail","url":"https://d2rfo6yapuixuu.cloudfront.net/h31/h71/8896090963998/08711000530153.jpg_1485649631114_master_axfood_100","altText":null,"galleryIndex":null,"width":null},"comparePriceUnit":"kg","ranking":0,"manufacturer":"Gevalia","potentialPromotions":[],"depositPrice":"","averageWeight":null,"incrementValue":1,"comparePrice":"72,88 kr","productBasketType":{"code":"ST","type":"ProductBasketTypeEnum"},"isDrugProduct":false,"savingsAmount":null,"priceNoUnit":"32,80","labels":[],"name":"Kok Mellanrost"},{"displayVolume":"500g","priceUnit":"kr/st","outOfStock":false,"productLine2":"Garant Eko, 500g","pickupProductLine2":"Garant Eko, 500g","online":true,"code":"100995069_ST","price":"33,90 kr","priceValue":33.9,"image":{"imageType":"PRIMARY","format":"product","url":"https://d2rfo6yapuixuu.cloudfront.net/h5b/hd8/8855465164830/7311041053034.jpg_master_axfood_300","altText":null,"galleryIndex":null,"width":null},"thumbnail":{"imageType":"PRIMARY","format":"thumbnail","url":"https://d2rfo6yapuixuu.cloudfront.net/h4a/hd5/8855465230366/7311041053034.jpg_master_axfood_100","altText":null,"galleryIndex":null,"width":null},"comparePriceUnit":"kg","ranking":0,"manufacturer":"Garant Eko","potentialPromotions":[],"depositPrice":"","averageWeight":null,"incrementValue":1,"comparePrice":"67,80 kr","productBasketType":{"code":"ST","type":"ProductBasketTypeEnum"},"isDrugProduct":false,"savingsAmount":null,"priceNoUnit":"33,90","labels":["ecological","krav","eu_ecological"],"name":"Bryggkaffe Mellanrost"},{"displayVolume":"500g","priceUnit":"kr/st","outOfStock":false,"productLine2":"Garant Eko, 500g","pickupProductLine2":"Garant Eko, 500g","online":true,"code":"101231153_ST","price":"33,90 kr","priceValue":33.9,"image":{"imageType":"PRIMARY","format":"product","url":"https://d2rfo6yapuixuu.cloudfront.net/h3d/h5d/8857951633438/7340083442490.jpg_master_axfood_300","altText":null,"galleryIndex":null,"width":null},"thumbnail":{"imageType":"PRIMARY","format":"thumbnail","url":"https://d2rfo6yapuixuu.cloudfront.net/heb/h5d/8857951698974/7340083442490.jpg_master_axfood_100","altText":null,"galleryIndex":null,"width":null},"comparePriceUnit":"kg","ranking":0,"manufacturer":"Garant Eko","potentialPromotions":[],"depositPrice":"","averageWeight":null,"incrementValue":1,"comparePrice":"67,80 kr","productBasketType":{"code":"ST","type":"ProductBasketTypeEnum"},"isDrugProduct":false,"savingsAmount":null,"priceNoUnit":"33,90","labels":["ecological","eu_ecological"],"name":"Bryggkaffe Mörkrost Ekologiskt"},{"displayVolume":"450g","priceUnit":"kr/st","outOfStock":true,"productLine2":"Zoégas, 450g","pickupProductLine2":"Zoégas, 450g","online":true,"code":"101241225_ST","price":"40,90 kr","priceValue":40.9,"image":{"imageType":"PRIMARY","format":"product","url":"https://d2rfo6yapuixuu.cloudfront.net/hcd/hd2/8916681654302/07310731101697.jpg_1491779536116_master_axfood_300","altText":null,"galleryIndex":null,"width":null},"thumbnail":{"imageType":"PRIMARY","format":"thumbnail","url":"https://d2rfo6yapuixuu.cloudfront.net/hcb/hd5/8916681719838/07310731101697.jpg_1491779536116_master_axfood_100","altText":null,"galleryIndex":null,"width":null},"comparePriceUnit":"kg","ranking":0,"manufacturer":"Zoégas","potentialPromotions":[],"depositPrice":"","averageWeight":null,"incrementValue":1,"comparePrice":"90,88 kr","productBasketType":{"code":"ST","type":"ProductBasketTypeEnum"},"isDrugProduct":false,"savingsAmount":null,"priceNoUnit":"40,90","labels":[],"name":"Presso Mörkrost Bryggkaffe"},{"displayVolume":"450g","priceUnit":"kr/st","outOfStock":true,"productLine2":"Zoégas, 450g","pickupProductLine2":"Zoégas, 450g","online":true,"code":"101241058_ST","price":"49,90 kr","priceValue":49.9,"image":{"imageType":"PRIMARY","format":"product","url":"https://d2rfo6yapuixuu.cloudfront.net/h36/h69/8916680671262/07310731101611.jpg_1491779509901_master_axfood_300","altText":null,"galleryIndex":null,"width":null},"thumbnail":{"imageType":"PRIMARY","format":"thumbnail","url":"https://d2rfo6yapuixuu.cloudfront.net/h34/h6c/8916680736798/07310731101611.jpg_1491779509901_master_axfood_100","altText":null,"galleryIndex":null,"width":null},"comparePriceUnit":"kg","ranking":0,"manufacturer":"Zoégas","potentialPromotions":[],"depositPrice":"","averageWeight":null,"incrementValue":1,"comparePrice":"110,88 kr","productBasketType":{"code":"ST","type":"ProductBasketTypeEnum"},"isDrugProduct":false,"savingsAmount":null,"priceNoUnit":"49,90","labels":["ecological","krav","fairtrade","eu_flower"],"name":"Hazienda Mörkrost Bryggkaffe Ekologisk"},{"displayVolume":"450g","priceUnit":"kr/st","outOfStock":true,"productLine2":"Zoégas, 450g","pickupProductLine2":"Zoégas, 450g","online":true,"code":"101241006_ST","price":"49,90 kr","priceValue":49.9,"image":{"imageType":"PRIMARY","format":"product","url":"https://d2rfo6yapuixuu.cloudfront.net/h17/h54/8916680015902/07310731101567.jpg_1491779489252_master_axfood_300","altText":null,"galleryIndex":null,"width":null},"thumbnail":{"imageType":"PRIMARY","format":"thumbnail","url":"https://d2rfo6yapuixuu.cloudfront.net/hd8/h54/8916680081438/07310731101567.jpg_1491779489252_master_axfood_100","altText":null,"galleryIndex":null,"width":null},"comparePriceUnit":"kg","ranking":0,"manufacturer":"Zoégas","potentialPromotions":[],"depositPrice":"","averageWeight":null,"incrementValue":1,"comparePrice":"110,88 kr","productBasketType":{"code":"ST","type":"ProductBasketTypeEnum"},"isDrugProduct":false,"savingsAmount":null,"priceNoUnit":"49,90","labels":["ecological","krav","fairtrade","eu_flower"],"name":"Estanzia Lätt Mörkrost Bryggkaffe"},{"displayVolume":"450g","priceUnit":"kr/st","outOfStock":true,"productLine2":"Zoégas, 450g","pickupProductLine2":"Zoégas, 450g","online":true,"code":"101241005_ST","price":"34,50 kr","priceValue":34.5,"image":{"imageType":"PRIMARY","format":"product","url":"https://d2rfo6yapuixuu.cloudfront.net/h3f/h8c/8936530116638/07310731101574.jpg_1497268851857_master_axfood_300","altText":null,"galleryIndex":null,"width":null},"thumbnail":{"imageType":"PRIMARY","format":"thumbnail","url":"https://d2rfo6yapuixuu.cloudfront.net/h7e/h8b/8936530182174/07310731101574.jpg_1497268851857_master_axfood_100","altText":null,"galleryIndex":null,"width":null},"comparePriceUnit":"kg","ranking":0,"manufacturer":"Zoégas","potentialPromotions":[],"depositPrice":"","averageWeight":null,"incrementValue":1,"comparePrice":"76,66 kr","productBasketType":{"code":"ST","type":"ProductBasketTypeEnum"},"isDrugProduct":false,"savingsAmount":null,"priceNoUnit":"34,50","labels":[],"name":"Fikastund Mellanrost Bryggkaffe"},{"displayVolume":"450g","priceUnit":"kr/st","outOfStock":false,"productLine2":"Zoégas, 450g","pickupProductLine2":"Zoégas, 450g","online":true,"code":"101253678_ST","price":"40,90 kr","priceValue":40.9,"image":{"imageType":"PRIMARY","format":"product","url":"https://d2rfo6yapuixuu.cloudfront.net/h5c/hdd/8916681981982/07310731101703.jpg_1491779543727_master_axfood_300","altText":null,"galleryIndex":null,"width":null},"thumbnail":{"imageType":"PRIMARY","format":"thumbnail","url":"https://d2rfo6yapuixuu.cloudfront.net/hf9/hd7/8916682047518/07310731101703.jpg_1491779543727_master_axfood_100","altText":null,"galleryIndex":null,"width":null},"comparePriceUnit":"kg","ranking":0,"manufacturer":"Zoégas","potentialPromotions":[],"depositPrice":"","averageWeight":null,"incrementValue":1,"comparePrice":"90,88 kr","productBasketType":{"code":"ST","type":"ProductBasketTypeEnum"},"isDrugProduct":false,"savingsAmount":null,"priceNoUnit":"40,90","labels":[],"name":"Viva Summer Selected Editions"},{"displayVolume":"450g","priceUnit":"kr/st","outOfStock":false,"productLine2":"Zoégas, 450g","pickupProductLine2":"Zoégas, 450g","online":true,"code":"101241080_ST","price":"40,90 kr","priceValue":40.9,"image":{"imageType":"PRIMARY","format":"product","url":"https://d2rfo6yapuixuu.cloudfront.net/h45/hc3/8916679032862/07310731101505.jpg_1491779467634_master_axfood_300","altText":null,"galleryIndex":null,"width":null},"thumbnail":{"imageType":"PRIMARY","format":"thumbnail","url":"https://d2rfo6yapuixuu.cloudfront.net/h96/hc2/8916679098398/07310731101505.jpg_1491779467634_master_axfood_100","altText":null,"galleryIndex":null,"width":null},"comparePriceUnit":"kg","ranking":0,"manufacturer":"Zoégas","potentialPromotions":[],"depositPrice":"","averageWeight":null,"incrementValue":1,"comparePrice":"90,88 kr","productBasketType":{"code":"ST","type":"ProductBasketTypeEnum"},"isDrugProduct":false,"savingsAmount":null,"priceNoUnit":"40,90","labels":[],"name":"Black Velvet Mörkrost Bryggkaffe"},{"displayVolume":"450g","priceUnit":"kr/st","outOfStock":false,"productLine2":"Zoégas, 450g","pickupProductLine2":"Zoégas, 450g","online":true,"code":"101261356_ST","price":"34,50 kr","priceValue":34.5,"image":{"imageType":"PRIMARY","format":"product","url":"https://d2rfo6yapuixuu.cloudfront.net/hf8/h24/8936531099678/07310731102021.jpg_1497268878609_master_axfood_300","altText":null,"galleryIndex":null,"width":null},"thumbnail":{"imageType":"PRIMARY","format":"thumbnail","url":"https://d2rfo6yapuixuu.cloudfront.net/he7/h21/8936531165214/07310731102021.jpg_1497268878609_master_axfood_100","altText":null,"galleryIndex":null,"width":null},"comparePriceUnit":"kg","ranking":0,"manufacturer":"Zoégas","potentialPromotions":[],"depositPrice":"","averageWeight":null,"incrementValue":1,"comparePrice":"76,66 kr","productBasketType":{"code":"ST","type":"ProductBasketTypeEnum"},"isDrugProduct":false,"savingsAmount":null,"priceNoUnit":"34,50","labels":[],"name":"Stockholm Mellanrost Bryggkaffe"},{"displayVolume":"450g","priceUnit":"kr/st","outOfStock":false,"productLine2":"Zoégas, 450g","pickupProductLine2":"Zoégas, 450g","online":true,"code":"101241026_ST","price":"40,90 kr","priceValue":40.9,"image":{"imageType":"PRIMARY","format":"product","url":"https://d2rfo6yapuixuu.cloudfront.net/ha7/h5e/8916680343582/07310731101604.jpg_1491779507408_master_axfood_300","altText":null,"galleryIndex":null,"width":null},"thumbnail":{"imageType":"PRIMARY","format":"thumbnail","url":"https://d2rfo6yapuixuu.cloudfront.net/ha5/h61/8916680409118/07310731101604.jpg_1491779507408_master_axfood_100","altText":null,"galleryIndex":null,"width":null},"comparePriceUnit":"kg","ranking":0,"manufacturer":"Zoégas","potentialPromotions":[],"depositPrice":"","averageWeight":null,"incrementValue":1,"comparePrice":"90,88 kr","productBasketType":{"code":"ST","type":"ProductBasketTypeEnum"},"isDrugProduct":false,"savingsAmount":null,"priceNoUnit":"40,90","labels":[],"name":"Forza Extra Mörkrost Bryggkaffe"},{"displayVolume":"450g","priceUnit":"kr/st","outOfStock":true,"productLine2":"Zoégas, 450g","pickupProductLine2":"Zoégas, 450g","online":true,"code":"101246943_ST","price":"34,50 kr","priceValue":34.5,"image":{"imageType":"PRIMARY","format":"product","url":"https://d2rfo6yapuixuu.cloudfront.net/h21/h77/8936530771998/07310731101888.jpg_1497268869436_master_axfood_300","altText":null,"galleryIndex":null,"width":null},"thumbnail":{"imageType":"PRIMARY","format":"thumbnail","url":"https://d2rfo6yapuixuu.cloudfront.net/h22/h74/8936530837534/07310731101888.jpg_1497268869436_master_axfood_100","altText":null,"galleryIndex":null,"width":null},"comparePriceUnit":"kg","ranking":0,"manufacturer":"Zoégas","potentialPromotions":[],"depositPrice":"","averageWeight":null,"incrementValue":1,"comparePrice":"76,66 kr","productBasketType":{"code":"ST","type":"ProductBasketTypeEnum"},"isDrugProduct":false,"savingsAmount":null,"priceNoUnit":"34,50","labels":[],"name":"Västkust Mellanrost Bryggkaffe"},{"displayVolume":"450g","priceUnit":"kr/st","outOfStock":true,"productLine2":"Zoégas, 450g","pickupProductLine2":"Zoégas, 450g","online":true,"code":"101241068_ST","price":"37,50 kr","priceValue":37.5,"image":{"imageType":"PRIMARY","format":"product","url":"https://d2rfo6yapuixuu.cloudfront.net/h38/hae/8916679688222/07310731101536.jpg_1491779483503_master_axfood_300","altText":null,"galleryIndex":null,"width":null},"thumbnail":{"imageType":"PRIMARY","format":"thumbnail","url":"https://d2rfo6yapuixuu.cloudfront.net/h28/hab/8916679753758/07310731101536.jpg_1491779483503_master_axfood_100","altText":null,"galleryIndex":null,"width":null},"comparePriceUnit":"kg","ranking":0,"manufacturer":"Zoégas","potentialPromotions":[],"depositPrice":"","averageWeight":null,"incrementValue":1,"comparePrice":"83,33 kr","productBasketType":{"code":"ST","type":"ProductBasketTypeEnum"},"isDrugProduct":false,"savingsAmount":null,"priceNoUnit":"37,50","labels":[],"name":"Dark Temptatio Mörkrost Bryggkaffe"},{"displayVolume":"450g","priceUnit":"kr/st","outOfStock":false,"productLine2":"Zoégas, 450g","pickupProductLine2":"Zoégas, 450g","online":true,"code":"101241262_ST","price":"40,90 kr","priceValue":40.9,"image":{"imageType":"PRIMARY","format":"product","url":"https://d2rfo6yapuixuu.cloudfront.net/hb0/h81/8936530444318/07310731101666.jpg_1497268857953_master_axfood_300","altText":null,"galleryIndex":null,"width":null},"thumbnail":{"imageType":"PRIMARY","format":"thumbnail","url":"https://d2rfo6yapuixuu.cloudfront.net/hb2/h7e/8936530509854/07310731101666.jpg_1497268857953_master_axfood_100","altText":null,"galleryIndex":null,"width":null},"comparePriceUnit":"kg","ranking":0,"manufacturer":"Zoégas","potentialPromotions":[],"depositPrice":"","averageWeight":null,"incrementValue":1,"comparePrice":"90,88 kr","productBasketType":{"code":"ST","type":"ProductBasketTypeEnum"},"isDrugProduct":false,"savingsAmount":null,"priceNoUnit":"40,90","labels":[],"name":"Mollbergs Mörkrost Bryggkaffe"},{"priceNoUnit":"37,50","displayVolume":"450g","code":"101241253_ST","comparePriceUnit":"kg","thumbnail":{"imageType":"PRIMARY","format":"thumbnail","url":"https://d2rfo6yapuixuu.cloudfront.net/h10/hd3/8916678049822/07310731101628.jpg_1491779173187_master_axfood_100","altText":null,"galleryIndex":null,"width":null},"priceValue":37.5,"price":"37,50 kr","ranking":0,"image":{"imageType":"PRIMARY","format":"product","url":"https://d2rfo6yapuixuu.cloudfront.net/h67/h88/8916677984286/07310731101628.jpg_1491779173187_master_axfood_300","altText":null,"galleryIndex":null,"width":null},"manufacturer":"Zoégas","potentialPromotions":[],"depositPrice":"","averageWeight":null,"incrementValue":1,"comparePrice":"83,33 kr","productBasketType":{"code":"ST","type":"ProductBasketTypeEnum"},"isDrugProduct":false,"priceUnit":"kr/st","outOfStock":false,"productLine2":"Zoégas, 450g","pickupProductLine2":"Zoégas, 450g","online":true,"savingsAmount":null,"labels":[],"name":"Intenzo Mörkrost Bryggkaffe"},{"priceNoUnit":"37,50","displayVolume":"450g","code":"101241079_ST","comparePriceUnit":"kg","thumbnail":{"imageType":"PRIMARY","format":"thumbnail","url":"https://d2rfo6yapuixuu.cloudfront.net/hb7/hb5/8916679426078/07310731101512.jpg_1491779481090_master_axfood_100","altText":null,"galleryIndex":null,"width":null},"priceValue":37.5,"price":"37,50 kr","ranking":0,"image":{"imageType":"PRIMARY","format":"product","url":"https://d2rfo6yapuixuu.cloudfront.net/hb5/hb8/8916679360542/07310731101512.jpg_1491779481090_master_axfood_300","altText":null,"galleryIndex":null,"width":null},"manufacturer":"Zoégas","potentialPromotions":[],"depositPrice":"","averageWeight":null,"incrementValue":1,"comparePrice":"83,33 kr","productBasketType":{"code":"ST","type":"ProductBasketTypeEnum"},"isDrugProduct":false,"priceUnit":"kr/st","outOfStock":true,"productLine2":"Zoégas, 450g","pickupProductLine2":"Zoégas, 450g","online":true,"savingsAmount":null,"labels":[],"name":"Blue Java Lätt Mörkrost Bryggkaffe"},{"priceNoUnit":"37,50","displayVolume":"450g","code":"101241278_ST","comparePriceUnit":"kg","thumbnail":{"imageType":"PRIMARY","format":"thumbnail","url":"https://d2rfo6yapuixuu.cloudfront.net/h6f/hbe/8916681064478/07310731101659.jpg_1491779514053_master_axfood_100","altText":null,"galleryIndex":null,"width":null},"priceValue":37.5,"price":"37,50 kr","ranking":0,"image":{"imageType":"PRIMARY","format":"product","url":"https://d2rfo6yapuixuu.cloudfront.net/hb2/h73/8916680998942/07310731101659.jpg_1491779514053_master_axfood_300","altText":null,"galleryIndex":null,"width":null},"manufacturer":"Zoégas","potentialPromotions":[],"depositPrice":"","averageWeight":null,"incrementValue":1,"comparePrice":"83,33 kr","productBasketType":{"code":"ST","type":"ProductBasketTypeEnum"},"isDrugProduct":false,"priceUnit":"kr/st","outOfStock":false,"productLine2":"Zoégas, 450g","pickupProductLine2":"Zoégas, 450g","online":true,"savingsAmount":null,"labels":[],"name":"Mezzo Mellanrost Bryggkaffe"},{"priceNoUnit":"37,50","displayVolume":"450g","code":"101241261_ST","comparePriceUnit":"kg","thumbnail":{"imageType":"PRIMARY","format":"thumbnail","url":"https://d2rfo6yapuixuu.cloudfront.net/h80/hea/8916678705182/07310731101734.jpg_1491779189153_master_axfood_100","altText":null,"galleryIndex":null,"width":null},"priceValue":37.5,"price":"37,50 kr","ranking":0,"image":{"imageType":"PRIMARY","format":"product","url":"https://d2rfo6yapuixuu.cloudfront.net/h6e/he7/8916678639646/07310731101734.jpg_1491779189153_master_axfood_300","altText":null,"galleryIndex":null,"width":null},"manufacturer":"Zoégas","potentialPromotions":[],"depositPrice":"","averageWeight":null,"incrementValue":1,"comparePrice":"83,33 kr","productBasketType":{"code":"ST","type":"ProductBasketTypeEnum"},"isDrugProduct":false,"priceUnit":"kr/st","outOfStock":false,"productLine2":"Zoégas, 450g","pickupProductLine2":"Zoégas, 450g","online":true,"savingsAmount":null,"labels":[],"name":"Skånerost Mörkrost Bryggkaffe"}]}